@ARTICLE{Kilbinger2017,
   author = {{Kilbinger}, M. and {Heymans}, C. and {Asgari}, M. and {Joudaki}, S. and 
{Schneider}, P. and {Simon}, P. and {Van Waerbeke}, L. and {Harnois-D{\'e}raps}, J. and 
{Hildebrandt}, H. and {K{\"o}hlinger}, F. and {Kuijken}, K. and 
{Viola}, M.},
    title = "{Precision calculations of the cosmic shear power spectrum projection}",
  journal = {ArXiv e-prints},
archivePrefix = "arXiv",
   eprint = {1702.05301},
 keywords = {Astrophysics - Cosmology and Nongalactic Astrophysics},
     year = 2017,
    month = feb,
   adsurl = {http://adsabs.harvard.edu/abs/2017arXiv170205301K},
  adsnote = {Provided by the SAO/NASA Astrophysics Data System}
}

@ARTICLE{Castro2005,
   author = {{Castro}, P.~G. and {Heavens}, A.~F. and {Kitching}, T.~D.},
    title = "{Weak lensing analysis in three dimensions}",
  journal = {\prd},
   eprint = {astro-ph/0503479},
 keywords = {Dark matter, Background radiations},
     year = 2005,
    month = jul,
   volume = 72,
   number = 2,
      eid = {023516},
    pages = {023516},
      doi = {10.1103/PhysRevD.72.023516},
   adsurl = {http://adsabs.harvard.edu/abs/2005PhRvD..72b3516C},
  adsnote = {Provided by the SAO/NASA Astrophysics Data System}
}
@ARTICLE{Hu1997,
   author = {{Hu}, W. and {White}, M.},
    title = "{CMB anisotropies: Total angular momentum method}",
  journal = {\prd},
   eprint = {astro-ph/9702170},
 keywords = {Background radiations, Observational cosmology},
     year = 1997,
    month = jul,
   volume = 56,
    pages = {596-615},
      doi = {10.1103/PhysRevD.56.596},
   adsurl = {http://adsabs.harvard.edu/abs/1997PhRvD..56..596H},
  adsnote = {Provided by the SAO/NASA Astrophysics Data System}
}


@ARTICLE{Putter2010,
   author = {{de Putter}, R. and {Takada}, M.},
    title = "{Halo-galaxy lensing: A full sky approach}",
  journal = {\prd},
archivePrefix = "arXiv",
   eprint = {1007.4809},
 primaryClass = "astro-ph.CO",
 keywords = {Galaxy groups clusters and superclusters, large scale structure of the Universe, Gravitational lenses and luminous arcs, Cosmology, Observational cosmology},
     year = 2010,
    month = nov,
   volume = 82,
   number = 10,
      eid = {103522},
    pages = {103522},
      doi = {10.1103/PhysRevD.82.103522},
   adsurl = {http://adsabs.harvard.edu/abs/2010PhRvD..82j3522D},
  adsnote = {Provided by the SAO/NASA Astrophysics Data System}
}


@article{Talman2009,
title = "NumSBT: A subroutine for calculating spherical Bessel transforms numerically",
journal = "Computer Physics Communications",
volume = "180",
number = "2",
pages = "332 - 338",
year = "2009",
note = "",
issn = "0010-4655",
doi = "http://dx.doi.org/10.1016/j.cpc.2008.10.003",
url = "http://www.sciencedirect.com/science/article/pii/S0010465508003329",
author = "J.D. Talman",
keywords = "Fourier transforms",
keywords = "Spherical Bessel functions",
keywords = "Hankel transforms"
}

@ARTICLE{Hamilton2000,
   author = {{Hamilton}, A.~J.~S.},
    title = "{Uncorrelated modes of the non-linear power spectrum}",
  journal = {\mnras},
   eprint = {astro-ph/9905191},
 keywords = {COSMOLOGY: THEORY, LARGE-SCALE STRUCTURE OF UNIVERSE},
     year = 2000,
    month = feb,
   volume = 312,
    pages = {257-284},
      doi = {10.1046/j.1365-8711.2000.03071.x},
   adsurl = {http://adsabs.harvard.edu/abs/2000MNRAS.312..257H},
  adsnote = {Provided by the SAO/NASA Astrophysics Data System}
}
