@ARTICLE{Joachimi11,
   author = {{Joachimi}, B. and {Mandelbaum}, R. and {Abdalla}, F.~B. and
        {Bridle}, S.~L.},
    title = "{Constraints on intrinsic alignment contamination of weak lensing surveys using the MegaZ-LRG sample}",
  journal = {\aap},
archivePrefix = "arXiv",
   eprint = {1008.3491},
 primaryClass = "astro-ph.CO",
 keywords = {cosmology: observations, gravitational lensing: weak, large-scale structure of Universe, cosmological parameters, galaxies: evolution},
     year = 2011,
    month = mar,
   volume = 527,
      eid = {A26},
    pages = {A26},
      doi = {10.1051/0004-6361/201015621},
   adsurl = {http://adsabs.harvard.edu/abs/2011A%26A...527A..26J},
  adsnote = {Provided by the SAO/NASA Astrophysics Data System}
}

@ARTICLE{Bridle07,
       author = {{Bridle}, Sarah and {King}, Lindsay},
        title = "{Dark energy constraints from cosmic shear power spectra: impact of intrinsic alignments on photometric redshift requirements}",
      journal = {New Journal of Physics},
     keywords = {Astrophysics},
         year = "2007",
        month = "Dec",
       volume = {9},
       number = {12},
        pages = {444},
          doi = {10.1088/1367-2630/9/12/444},
archivePrefix = {arXiv},
       eprint = {0705.0166},
 primaryClass = {astro-ph},
       adsurl = {https://ui.adsabs.harvard.edu/abs/2007NJPh....9..444B},
      adsnote = {Provided by the SAO/NASA Astrophysics Data System}
}


@ARTICLE{Brown02,
       author = {{Brown}, M.~L. and {Taylor}, A.~N. and {Hambly}, N.~C. and {Dye}, S.},
        title = "{Measurement of intrinsic alignments in galaxy ellipticities}",
      journal = {\mnras},
     keywords = {gravitational lensing, galaxies: formation, cosmology: observations, large-scale structure of Universe, Astrophysics},
         year = "2002",
        month = "Jul",
       volume = {333},
       number = {3},
        pages = {501-509},
          doi = {10.1046/j.1365-8711.2002.05354.x},
archivePrefix = {arXiv},
       eprint = {astro-ph/0009499},
 primaryClass = {astro-ph},
       adsurl = {https://ui.adsabs.harvard.edu/abs/2002MNRAS.333..501B},
      adsnote = {Provided by the SAO/NASA Astrophysics Data System}
}


@ARTICLE{CODATA14,
   author = {{Mohr}, P.~J. and {Newell}, D.~B. and {Taylor}, B.~N.},
    title = "{CODATA recommended values of the fundamental physical constants: 2014*}",
  journal = {Reviews of Modern Physics},
archivePrefix = "arXiv",
   eprint = {1507.07956},
 primaryClass = "physics.atom-ph",
     year = 2016,
    month = jul,
   volume = 88,
   number = 3,
      eid = {035009},
    pages = {035009},
      doi = {10.1103/RevModPhys.88.035009},
   adsurl = {http://adsabs.harvard.edu/abs/2016RvMP...88c5009M},
  adsnote = {Provided by the SAO/NASA Astrophysics Data System}
}

@ARTICLE{IAU15,
   author = {{Mamajek}, E.~E. and {Prsa}, A. and {Torres}, G. and {Harmanec}, P. and
	{Asplund}, M. and {Bennett}, P.~D. and {Capitaine}, N. and {Christensen-Dalsgaard}, J. and
	{Depagne}, E. and {Folkner}, W.~M. and {Haberreiter}, M. and
	{Hekker}, S. and {Hilton}, J.~L. and {Kostov}, V. and {Kurtz}, D.~W. and
	{Laskar}, J. and {Mason}, B.~D. and {Milone}, E.~F. and {Montgomery}, M.~M. and
	{Richards}, M.~T. and {Schou}, J. and {Stewart}, S.~G.},
    title = "{IAU 2015 Resolution B3 on Recommended Nominal Conversion Constants for Selected Solar and Planetary Properties}",
  journal = {ArXiv e-prints},
archivePrefix = "arXiv",
   eprint = {1510.07674},
 primaryClass = "astro-ph.SR",
 keywords = {Astrophysics - Solar and Stellar Astrophysics, Astrophysics - Earth and Planetary Astrophysics, Astrophysics - Astrophysics of Galaxies, Astrophysics - High Energy Astrophysical Phenomena, Astrophysics - Instrumentation and Methods for Astrophysics},
     year = 2015,
    month = oct,
   adsurl = {http://adsabs.harvard.edu/abs/2015arXiv151007674M},
  adsnote = {Provided by the SAO/NASA Astrophysics Data System}
}
@ARTICLE{Lawrence17,
   author = {{Lawrence}, E. and {Heitmann}, K. and {Kwan}, J. and {Upadhye}, A. and
	{Bingham}, D. and {Habib}, S. and {Higdon}, D. and {Pope}, A. and
	{Finkel}, H. and {Frontiere}, N.},
    title = "{The Mira-Titan Universe. II. Matter Power Spectrum Emulation}",
  journal = {\apj},
archivePrefix = "arXiv",
   eprint = {1705.03388},
 keywords = {dark energy, large-scale structure of universe },
     year = 2017,
    month = sep,
   volume = 847,
      eid = {50},
    pages = {50},
      doi = {10.3847/1538-4357/aa86a9},
   adsurl = {http://adsabs.harvard.edu/abs/2017ApJ...847...50L},
  adsnote = {Provided by the SAO/NASA Astrophysics Data System}
}


@ARTICLE{2008A&A...477...43J,
   author = {{Joachimi}, B. and {Schneider}, P. and {Eifler}, T.},
    title = "{Analysis of two-point statistics of cosmic shear. III. Covariances of shear measures made easy}",
  journal = {\aap},
archivePrefix = "arXiv",
   eprint = {0708.0387},
 keywords = {cosmology: theory, gravitational lensing, large-scale structure of Universe, methods: statistical},
     year = 2008,
    month = jan,
   volume = 477,
    pages = {43-54},
      doi = {10.1051/0004-6361:20078400},
   adsurl = {http://adsabs.harvard.edu/abs/2008A%26A...477...43J},
  adsnote = {Provided by the SAO/NASA Astrophysics Data System}
}


@ARTICLE{GReffects,
   author = {{Alonso}, D. and {Bull}, P. and {Ferreira}, P.~G. and {Maartens}, R. and {Santos}, M.~G.},
    title = "{Ultra-large-scale Cosmology in Next-generation Experiments with Single Tracers}",
  journal = {ApJ},
archivePrefix = "arXiv",
   eprint = {1505.07596},
 keywords = {large-scale structure of universe},
     year = 2015,
    month = dec,
   volume = 814,
      eid = {145},
    pages = {145},
      doi = {10.1088/0004-637X/814/2/145},
   adsurl = {http://adsabs.harvard.edu/abs/2015ApJ...814..145A},
  adsnote = {Provided by the SAO/NASA Astrophysics Data System}
}

@ARTICLE{Linder03,
   author = {{Linder}, E.~V.},
    title = "{Exploring the Expansion History of the Universe}",
  journal = {Physical Review Letters},
   eprint = {astro-ph/0208512},
 keywords = {Cosmology, Gravity in more than four dimensions Kaluza-Klein theory unified field theories, alternative theories of gravity},
     year = 2003,
    month = mar,
   volume = 90,
   number = 9,
      eid = {091301},
    pages = {091301},
      doi = {10.1103/PhysRevLett.90.091301},
   adsurl = {http://adsabs.harvard.edu/abs/2003PhRvL..90i1301L},
  adsnote = {Provided by the SAO/NASA Astrophysics Data System}
}

@ARTICLE{Chevallier01,
   author = {{Chevallier}, M. and {Polarski}, D.},
    title = "{Accelerating Universes with Scaling Dark Matter}",
  journal = {International Journal of Modern Physics D},
   eprint = {gr-qc/0009008},
     year = 2001,
   volume = 10,
    pages = {213-223},
      doi = {10.1142/S0218271801000822},
   adsurl = {http://adsabs.harvard.edu/abs/2001IJMPD..10..213C},
  adsnote = {Provided by the SAO/NASA Astrophysics Data System}
}

@ARTICLE{Bartelmann01,
   author = {{Bartelmann}, M. and {Schneider}, P.},
    title = "{Weak gravitational lensing}",
  journal = {\physrep},
   eprint = {astro-ph/9912508},
     year = 2001,
    month = jan,
   volume = 340,
    pages = {291-472},
      doi = {10.1016/S0370-1573(00)00082-X},
   adsurl = {http://adsabs.harvard.edu/abs/2001PhR...340..291B},
  adsnote = {Provided by the SAO/NASA Astrophysics Data System}
}

@ARTICLE{Joachimi10,
   author = {{Joachimi}, B. and {Bridle}, S.~L.},
    title = "{Simultaneous measurement of cosmology and intrinsic alignments using joint cosmic shear and galaxy number density correlations}",
  journal = {\aap},
archivePrefix = "arXiv",
   eprint = {0911.2454},
 keywords = {cosmology: theory, gravitational lensing: weak, large-scale structure of the Universe, cosmological parameters, methods: data analysis},
     year = 2010,
    month = nov,
   volume = 523,
      eid = {A1},
    pages = {A1},
      doi = {10.1051/0004-6361/200913657},
   adsurl = {http://adsabs.harvard.edu/abs/2010A%26A...523A...1J},
  adsnote = {Provided by the SAO/NASA Astrophysics Data System}
}

@ARTICLE{Kilbinger2017,
   author = {{Kilbinger}, M. and {Heymans}, C. and {Asgari}, M. and {Joudaki}, S. and
{Schneider}, P. and {Simon}, P. and {Van Waerbeke}, L. and {Harnois-D{\'e}raps}, J. and
{Hildebrandt}, H. and {K{\"o}hlinger}, F. and {Kuijken}, K. and
{Viola}, M.},
    title = "{Precision calculations of the cosmic shear power spectrum projection}",
  journal = {ArXiv e-prints},
archivePrefix = "arXiv",
   eprint = {1702.05301},
 keywords = {Astrophysics - Cosmology and Nongalactic Astrophysics},
     year = 2017,
    month = feb,
   adsurl = {http://adsabs.harvard.edu/abs/2017arXiv170205301K},
  adsnote = {Provided by the SAO/NASA Astrophysics Data System}
}

@ARTICLE{Castro2005,
   author = {{Castro}, P.~G. and {Heavens}, A.~F. and {Kitching}, T.~D.},
    title = "{Weak lensing analysis in three dimensions}",
  journal = {\prd},
   eprint = {astro-ph/0503479},
 keywords = {Dark matter, Background radiations},
     year = 2005,
    month = jul,
   volume = 72,
   number = 2,
      eid = {023516},
    pages = {023516},
      doi = {10.1103/PhysRevD.72.023516},
   adsurl = {http://adsabs.harvard.edu/abs/2005PhRvD..72b3516C},
  adsnote = {Provided by the SAO/NASA Astrophysics Data System}
}
@ARTICLE{Hu1997,
   author = {{Hu}, W. and {White}, M.},
    title = "{CMB anisotropies: Total angular momentum method}",
  journal = {\prd},
   eprint = {astro-ph/9702170},
 keywords = {Background radiations, Observational cosmology},
     year = 1997,
    month = jul,
   volume = 56,
    pages = {596-615},
      doi = {10.1103/PhysRevD.56.596},
   adsurl = {http://adsabs.harvard.edu/abs/1997PhRvD..56..596H},
  adsnote = {Provided by the SAO/NASA Astrophysics Data System}
}


@ARTICLE{Putter2010,
   author = {{de Putter}, R. and {Takada}, M.},
    title = "{Halo-galaxy lensing: A full sky approach}",
  journal = {\prd},
archivePrefix = "arXiv",
   eprint = {1007.4809},
 primaryClass = "astro-ph.CO",
 keywords = {Galaxy groups clusters and superclusters, large scale structure of the Universe, Gravitational lenses and luminous arcs, Cosmology, Observational cosmology},
     year = 2010,
    month = nov,
   volume = 82,
   number = 10,
      eid = {103522},
    pages = {103522},
      doi = {10.1103/PhysRevD.82.103522},
   adsurl = {http://adsabs.harvard.edu/abs/2010PhRvD..82j3522D},
  adsnote = {Provided by the SAO/NASA Astrophysics Data System}
}


@article{Talman2009,
title = "NumSBT: A subroutine for calculating spherical Bessel transforms numerically",
journal = "Computer Physics Communications",
volume = "180",
number = "2",
pages = "332 - 338",
year = "2009",
note = "",
issn = "0010-4655",
doi = "http://dx.doi.org/10.1016/j.cpc.2008.10.003",
url = "http://www.sciencedirect.com/science/article/pii/S0010465508003329",
author = "J.D. Talman",
keywords = "Fourier transforms",
keywords = "Spherical Bessel functions",
keywords = "Hankel transforms"
}

@ARTICLE{Hamilton2000,
   author = {{Hamilton}, A.~J.~S.},
    title = "{Uncorrelated modes of the non-linear power spectrum}",
  journal = {\mnras},
   eprint = {astro-ph/9905191},
 keywords = {COSMOLOGY: THEORY, LARGE-SCALE STRUCTURE OF UNIVERSE},
     year = 2000,
    month = feb,
   volume = 312,
    pages = {257-284},
      doi = {10.1046/j.1365-8711.2000.03071.x},
   adsurl = {http://adsabs.harvard.edu/abs/2000MNRAS.312..257H},
  adsnote = {Provided by the SAO/NASA Astrophysics Data System}
}


@ARTICLE{Kaiser1987,
author = {Kaiser, Nick},
title = {Clustering in real space and in redshift space},
journal = {Monthly Notices of the Royal Astronomical Society},
volume = {227},
number = {1},
pages = {1-21},
year = {1987},
doi = {10.1093/mnras/227.1.1},
URL = {http://dx.doi.org/10.1093/mnras/227.1.1},
eprint = {/oup/backfile/content_public/journal/mnras/227/1/10.1093_mnras_227.1.1/1/mnras227-0001.pdf}
}

%Growth factor ref
@ARTICLE{1992ARA&A..30..499C,
   author = {{Carroll}, S.~M. and {Press}, W.~H. and {Turner}, E.~L.},
    title = "{The cosmological constant}",
  journal = {\araa},
 keywords = {Cosmology, Gravitational Lenses, Hubble Constant, Relativistic Theory, Computational Astrophysics, Gravitational Fields, Universe},
     year = 1992,
   volume = 30,
    pages = {499-542},
      doi = {10.1146/annurev.aa.30.090192.002435},
   adsurl = {http://adsabs.harvard.edu/abs/1992ARA%26A..30..499C},
  adsnote = {Provided by the SAO/NASA Astrophysics Data System}
}
@ARTICLE{1991MNRAS.251..128L,
   author = {{Lahav}, O. and {Lilje}, P.~B. and {Primack}, J.~R. and {Rees}, M.~J.
	},
    title = "{Dynamical effects of the cosmological constant}",
  journal = {\mnras},
 keywords = {Cosmology, Dark Matter, Dynamic Characteristics, Quasars, Space Density, Astronomical Models, Galactic Clusters, Interstellar Matter},
     year = 1991,
    month = jul,
   volume = 251,
    pages = {128-136},
      doi = {10.1093/mnras/251.1.128},
   adsurl = {http://adsabs.harvard.edu/abs/1991MNRAS.251..128L},
  adsnote = {Provided by the SAO/NASA Astrophysics Data System}
}


@ARTICLE{cosmicemu,
   author = {{Lawrence}, E. and {Heitmann}, K. and {Kwan}, J. and {Upadhye}, A. and
	{Bingham}, D. and {Habib}, S. and {Higdon}, D. and {Pope}, A. and
	{Finkel}, H. and {Frontiere}, N.},
    title = "{The Mira-Titan Universe II: Matter Power Spectrum Emulation}",
  journal = {ArXiv e-prints},
archivePrefix = "arXiv",
   eprint = {1705.03388},
 keywords = {Astrophysics - Cosmology and Nongalactic Astrophysics},
     year = 2017,
    month = may,
   adsurl = {http://adsabs.harvard.edu/abs/2017arXiv170503388L},
  adsnote = {Provided by the SAO/NASA Astrophysics Data System}
}

@ARTICLE{1998ApJ...496..605E,
   author = {{Eisenstein}, D.~J. and {Hu}, W.},
    title = "{Baryonic Features in the Matter Transfer Function}",
  journal = {\apj},
   eprint = {astro-ph/9709112},
 keywords = {COSMOLOGY: THEORY, COSMOLOGY: DARK MATTER, COSMOLOGY: LARGE-SCALE STRUCTURE OF UNIVERSE, Cosmology: Theory, Cosmology: Dark Matter, Cosmology: Large-Scale Structure of Universe},
     year = 1998,
    month = mar,
   volume = 496,
    pages = {605-614},
      doi = {10.1086/305424},
   adsurl = {http://adsabs.harvard.edu/abs/1998ApJ...496..605E},
  adsnote = {Provided by the SAO/NASA Astrophysics Data System}
}

@ARTICLE{hiclass,
   author = {{Zumalacarregui}, M. and {Bellini}, E. and {Sawicki}, I. and
	{Lesgourgues}, J. and {Ferreira}, P.~G.},
    title = "{hi\_class: Horndeski in the Cosmic Linear Anisotropy Solving System}",
  journal = {ArXiv e-prints},
archivePrefix = "arXiv",
   eprint = {1605.06102},
 keywords = {Astrophysics - Cosmology and Nongalactic Astrophysics, General Relativity and Quantum Cosmology, High Energy Physics - Phenomenology, High Energy Physics - Theory},
     year = 2016,
    month = may,
   adsurl = {http://adsabs.harvard.edu/abs/2016arXiv160506102Z},
  adsnote = {Provided by the SAO/NASA Astrophysics Data System}
}

@ARTICLE{2017arXiv170103592C,
   author = {{Campagne}, J.-E. and {Neveu}, J. and {Plaszczynski}, S.},
    title = "{Angpow: a software for the fast computation of accurate tomographic power spectra}",
  journal = {ArXiv e-prints},
archivePrefix = "arXiv",
   eprint = {1701.03592},
 keywords = {Astrophysics - Cosmology and Nongalactic Astrophysics},
     year = 2017,
    month = jan,
   adsurl = {http://adsabs.harvard.edu/abs/2017arXiv170103592C},
  adsnote = {Provided by the SAO/NASA Astrophysics Data System}
}

@BOOK{2008cmb..book.....D,
   author = {{Durrer}, R.},
    title = "{The Cosmic Microwave Background}",
booktitle = {The Cosmic Microwave Background, by Ruth Durrer.~ISBN 978-0-521-84704-9 (HB).~Published by Cambridge University Press, Cambridge, UK, 2008.},
     year = 2008,
    month = aug,
publisher = {Cambridge University Press},
   adsurl = {http://adsabs.harvard.edu/abs/2008cmb..book.....D},
  adsnote = {Provided by the SAO/NASA Astrophysics Data System}
}
@ARTICLE{2009PhRvD..80h3514Y,
   author = {{Yoo}, J. and {Fitzpatrick}, A.~L. and {Zaldarriaga}, M.},
    title = "{New perspective on galaxy clustering as a cosmological probe: General relativistic effects}",
  journal = {\prd},
archivePrefix = "arXiv",
   eprint = {0907.0707},
 primaryClass = "astro-ph.CO",
 keywords = {Cosmology, Distances redshifts radial velocities, spatial distribution of galaxies, Galaxy groups clusters and superclusters, large scale structure of the Universe, Mathematical and relativistic aspects of cosmology},
     year = 2009,
    month = oct,
   volume = 80,
   number = 8,
      eid = {083514},
    pages = {083514},
      doi = {10.1103/PhysRevD.80.083514},
   adsurl = {http://adsabs.harvard.edu/abs/2009PhRvD..80h3514Y},
  adsnote = {Provided by the SAO/NASA Astrophysics Data System}
}

@ARTICLE{2010PhRvD..82h3508Y,
   author = {{Yoo}, J.},
    title = "{General relativistic description of the observed galaxy power spectrum: Do we understand what we measure?}",
  journal = {\prd},
archivePrefix = "arXiv",
   eprint = {1009.3021},
 keywords = {Cosmology, Galaxy groups clusters and superclusters, large scale structure of the Universe, Mathematical and relativistic aspects of cosmology, Distances redshifts radial velocities, spatial distribution of galaxies},
     year = 2010,
    month = oct,
   volume = 82,
   number = 8,
      eid = {083508},
    pages = {083508},
      doi = {10.1103/PhysRevD.82.083508},
   adsurl = {http://adsabs.harvard.edu/abs/2010PhRvD..82h3508Y},
  adsnote = {Provided by the SAO/NASA Astrophysics Data System}
}

@ARTICLE{2011PhRvD..84d3516C,
   author = {{Challinor}, A. and {Lewis}, A.},
    title = "{Linear power spectrum of observed source number counts}",
  journal = {\prd},
archivePrefix = "arXiv",
   eprint = {1105.5292},
 primaryClass = "astro-ph.CO",
 keywords = {Cosmology},
     year = 2011,
    month = aug,
   volume = 84,
   number = 4,
      eid = {043516},
    pages = {043516},
      doi = {10.1103/PhysRevD.84.043516},
   adsurl = {http://adsabs.harvard.edu/abs/2011PhRvD..84d3516C},
  adsnote = {Provided by the SAO/NASA Astrophysics Data System}
}


@ARTICLE{2011PhRvD..84f3505B,
   author = {{Bonvin}, C. and {Durrer}, R.},
    title = "{What galaxy surveys really measure}",
  journal = {\prd},
archivePrefix = "arXiv",
   eprint = {1105.5280},
 keywords = {Cosmology, Distances redshifts radial velocities, spatial distribution of galaxies, Galaxy groups clusters and superclusters, large scale structure of the Universe},
     year = 2011,
    month = sep,
   volume = 84,
   number = 6,
      eid = {063505},
    pages = {063505},
      doi = {10.1103/PhysRevD.84.063505},
   adsurl = {http://adsabs.harvard.edu/abs/2011PhRvD..84f3505B},
  adsnote = {Provided by the SAO/NASA Astrophysics Data System}
}



@ARTICLE{Schneider15,
   author = {{Schneider}, A. and {Teyssier}, R.},
    title = "{A new method to quantify the effects of baryons on the matter power spectrum}",
  journal = {\jcap},
archivePrefix = "arXiv",
   eprint = {1510.06034},
     year = 2015,
    month = dec,
   volume = 12,
      eid = {049},
    pages = {049},
      doi = {10.1088/1475-7516/2015/12/049},
   adsurl = {http://adsabs.harvard.edu/abs/2015JCAP...12..049S},
  adsnote = {Provided by the SAO/NASA Astrophysics Data System}
}

@ARTICLE{FASTPT,
   author = {{McEwen}, J.~E. and {Fang}, X. and {Hirata}, C.~M. and {Blazek}, J.~A.
	},
    title = "{FAST-PT: a novel algorithm to calculate convolution integrals in cosmological perturbation theory}",
  journal = {\jcap},
archivePrefix = "arXiv",
   eprint = {1603.04826},
     year = 2016,
    month = sep,
   volume = 9,
      eid = {015},
    pages = {015},
      doi = {10.1088/1475-7516/2016/09/015},
   adsurl = {http://adsabs.harvard.edu/abs/2016JCAP...09..015M},
  adsnote = {Provided by the SAO/NASA Astrophysics Data System}
}

@BOOK{PeacockBook,
   author = {{Peacock}, J.~A.},
    title = "{Cosmological Physics}",
booktitle = {Cosmological Physics, by John A.~Peacock, pp.~704.~ISBN 052141072X.~Cambridge, UK: Cambridge University Press, January 1999.},
     year = 1999,
    month = jan,
    pages = {704},
   adsurl = {http://adsabs.harvard.edu/abs/1999coph.book.....P},
  adsnote = {Provided by the SAO/NASA Astrophysics Data System}
}

@BOOK{DodelsonBook,
   author = {{Dodelson}, S.},
    title = "{Modern Cosmology}",
  journal = {Physics Today},
 keywords = {cosmology, educational aids, reviews},
     year = 2004,
    month = jul,
   volume = 57,
    pages = {60-61},
      doi = {10.1063/1.1784308},
   adsurl = {http://adsabs.harvard.edu/abs/2004PhT....57R..60D},
  adsnote = {Provided by the SAO/NASA Astrophysics Data System}
}

@ARTICLE{BBKS,
   author = {{Bardeen}, J.~M. and {Bond}, J.~R. and {Kaiser}, N. and {Szalay}, A.~S.
	},
    title = "{The statistics of peaks of Gaussian random fields}",
  journal = {\apj},
 keywords = {Cosmology, Density Distribution, Galactic Clusters, Galactic Evolution, Random Processes, Statistical Analysis, Density (Number/Volume), Mass Distribution, Mass To Light Ratios, Maxima, Missing Mass (Astrophysics), Probability Distribution Functions, Red Shift, Statistical Correlation, Velocity Distribution},
     year = 1986,
    month = may,
   volume = 304,
    pages = {15-61},
      doi = {10.1086/164143},
   adsurl = {http://adsabs.harvard.edu/abs/1986ApJ...304...15B},
  adsnote = {Provided by the SAO/NASA Astrophysics Data System}
}

@ARTICLE{WhitePaper,
   author = {{LSST Dark Energy Science Collaboration}},
    title = "{Large Synoptic Survey Telescope: Dark Energy Science Collaboration}",
  journal = {ArXiv e-prints},
archivePrefix = "arXiv",
   eprint = {1211.0310},
 primaryClass = "astro-ph.CO",
 keywords = {Astrophysics - Cosmology and Extragalactic Astrophysics, High Energy Physics - Experiment},
     year = 2012,
    month = nov,
   adsurl = {http://adsabs.harvard.edu/abs/2012arXiv1211.0310L},
  adsnote = {Provided by the SAO/NASA Astrophysics Data System},
collaboration = {LSST Dark Energy Science}
}

@ARTICLE{ScienceBook,
   author = {{LSST Science Collaboration}},
    title = "{LSST Science Book, Version 2.0}",
  journal = {ArXiv e-prints},
archivePrefix = "arXiv",
   eprint = {0912.0201},
 primaryClass = "astro-ph.IM",
 keywords = {Astrophysics - Instrumentation and Methods for Astrophysics, Astrophysics - Cosmology and Extragalactic Astrophysics, Astrophysics - Earth and Planetary Astrophysics, Astrophysics - Galaxy Astrophysics, Astrophysics - Solar and Stellar Astrophysics},
     year = 2009,
    month = dec,
   adsurl = {http://adsabs.harvard.edu/abs/2009arXiv0912.0201L},
  adsnote = {Provided by the SAO/NASA Astrophysics Data System},
collaboration = {LSST Science}
}

@ARTICLE{Overview,
   author = {{Ivezic}, Z. and {Tyson}, J.~A. and others},
    title = "{LSST: from Science Drivers to Reference Design and Anticipated Data Products}",
  journal = {ArXiv e-prints},
archivePrefix = "arXiv",
   eprint = {0805.2366},
 keywords = {Astrophysics},
     year = 2008,
    month = may,
   adsurl = {http://adsabs.harvard.edu/abs/2008arXiv0805.2366I},
  adsnote = {Provided by the SAO/NASA Astrophysics Data System},
collaboration = {LSST}
}
%

@MISC{class,
   author = {{Blas}, D. and {Lesgourgues}, J. and {Tram}, T.},
    title = "{CLASS: Cosmic Linear Anisotropy Solving System}",
 keywords = {Software},
howpublished = {Astrophysics Source Code Library},
     year = 2011,
    month = jun,
archivePrefix = "ascl",
   eprint = {1106.020},
   adsurl = {http://adsabs.harvard.edu/abs/2011ascl.soft06020B},
  adsnote = {Provided by the SAO/NASA Astrophysics Data System}
}


@ARTICLE{Chang2013,
   author = {{Chang}, C. and {Jarvis}, M. and {Jain}, B. and {Kahn}, S.~M. and
	{Kirkby}, D. and {Connolly}, A. and {Krughoff}, S. and {Peng}, E.-H. and
	{Peterson}, J.~R.},
    title = "{The effective number density of galaxies for weak lensing measurements in the LSST project}",
  journal = {Monthly Notices of the Royal Astronomical Society},
archivePrefix = "arXiv",
   eprint = {1305.0793},
 keywords = {methods: data analysis, cosmology: observations},
     year = 2013,
    month = sep,
   volume = 434,
    pages = {2121-2135},
      doi = {10.1093/mnras/stt1156},
   adsurl = {http://adsabs.harvard.edu/abs/2013MNRAS.434.2121C},
  adsnote = {Provided by the SAO/NASA Astrophysics Data System}
}

@ARTICLE{Tinker2008,
   author = {{Tinker}, J. and {Kravtsov}, A.~V. and {Klypin}, A. and {Abazajian}, K. and
	{Warren}, M. and {Yepes}, G. and {Gottl{\"o}ber}, S. and {Holz}, D.~E.
	},
    title = "{Toward a Halo Mass Function for Precision Cosmology: The Limits of Universality}",
  journal = {\apj},
archivePrefix = "arXiv",
   eprint = {0803.2706},
 keywords = {cosmology: theory, large-scale structure of universe, methods: numerical},
     year = 2008,
    month = dec,
   volume = 688,
      eid = {709-728},
    pages = {709-728},
      doi = {10.1086/591439},
   adsurl = {http://adsabs.harvard.edu/abs/2008ApJ...688..709T},
  adsnote = {Provided by the SAO/NASA Astrophysics Data System}
}

@ARTICLE{Angulo2012,
   author = {{Angulo}, R.~E. and {Springel}, V. and {White}, S.~D.~M. and
	{Jenkins}, A. and {Baugh}, C.~M. and {Frenk}, C.~S.},
    title = "{Scaling relations for galaxy clusters in the Millennium-XXL simulation}",
  journal = {\mnras},
archivePrefix = "arXiv",
   eprint = {1203.3216},
 keywords = {cosmology: theory, large-scale structure of Universe},
     year = 2012,
    month = nov,
   volume = 426,
    pages = {2046-2062},
      doi = {10.1111/j.1365-2966.2012.21830.x},
   adsurl = {http://adsabs.harvard.edu/abs/2012MNRAS.426.2046A},
  adsnote = {Provided by the SAO/NASA Astrophysics Data System}
}

@ARTICLE{Watson2013,
   author = {{Watson}, W.~A. and {Iliev}, I.~T. and {D'Aloisio}, A. and {Knebe}, A. and
	{Shapiro}, P.~R. and {Yepes}, G.},
    title = "{The halo mass function through the cosmic ages}",
  journal = {\mnras},
archivePrefix = "arXiv",
   eprint = {1212.0095},
 keywords = {methods: numerical, galaxies: haloes, galaxies: high-redshift, cosmology: theory, dark matter, large-scale structure of Universe},
     year = 2013,
    month = aug,
   volume = 433,
    pages = {1230-1245},
      doi = {10.1093/mnras/stt791},
   adsurl = {http://adsabs.harvard.edu/abs/2013MNRAS.433.1230W},
  adsnote = {Provided by the SAO/NASA Astrophysics Data System}
}

@ARTICLE{CLASS_halofit,
	author = {{Takahashi}, R. and {Sato}, M. and {Nishimichi}, T. and {Taruya}, A. and
	{Oguri}, M.},
	title = "{Revising the Halofit Model for the Nonlinear Matter Power Spectrum}",
	journal = {\apj},
	archivePrefix = "arXiv",
	eprint = {1208.2701},
	keywords = {cosmology: theory, large-scale structure of universe, methods: numerical},
	year = 2012,
	month = dec,
	volume = 761,
	eid = {152},
	pages = {152},
	doi = {10.1088/0004-637X/761/2/152},
	adsurl = {http://adsabs.harvard.edu/abs/2012ApJ...761..152T},
	adsnote = {Provided by the SAO/NASA Astrophysics Data System}
}

@ARTICLE{2015ApJ...814..145A,
   author = {{Alonso}, D. and {Bull}, P. and {Ferreira}, P.~G. and {Maartens}, R. and
	{Santos}, M.~G.},
    title = "{Ultra-large-scale Cosmology in Next-generation Experiments with Single Tracers}",
  journal = {\apj},
archivePrefix = "arXiv",
   eprint = {1505.07596},
 keywords = {large-scale structure of universe},
     year = 2015,
    month = dec,
   volume = 814,
      eid = {145},
    pages = {145},
      doi = {10.1088/0004-637X/814/2/145},
   adsurl = {http://adsabs.harvard.edu/abs/2015ApJ...814..145A},
  adsnote = {Provided by the SAO/NASA Astrophysics Data System}
}

@ARTICLE{1994ApJ...432....7K,
   author = {{Kamionkowski}, M. and {Spergel}, D.~N.},
    title = "{Large-angle cosmic microwave background anisotropies in an open universe}",
  journal = {\apj},
   eprint = {astro-ph/9312017},
 keywords = {Anisotropy, Astronomical Models, Background Radiation, Big Bang Cosmology, Mathematical Models, Microwaves, Relic Radiation, Universe, Adiabatic Conditions, Correlation, Cosmic Background Explorer Satellite, Multipoles, Power Spectra},
     year = 1994,
    month = sep,
   volume = 432,
    pages = {7-16},
      doi = {10.1086/174543},
   adsurl = {http://adsabs.harvard.edu/abs/1994ApJ...432....7K},
  adsnote = {Provided by the SAO/NASA Astrophysics Data System}
}

@ARTICLE{2007MNRAS.381.1197H,
   author = {{Hirata}, C.~M. and {Mandelbaum}, R. and {Ishak}, M. and {Seljak}, U. and
	{Nichol}, R. and {Pimbblet}, K.~A. and {Ross}, N.~P. and {Wake}, D.
	},
    title = "{Intrinsic galaxy alignments from the 2SLAQ and SDSS surveys: luminosity and redshift scalings and implications for weak lensing surveys}",
  journal = {\mnras},
   eprint = {astro-ph/0701671},
 keywords = {gravitational lensing, cosmology: observations, large-scale structure of Universe},
     year = 2007,
    month = nov,
   volume = 381,
    pages = {1197-1218},
      doi = {10.1111/j.1365-2966.2007.12312.x},
   adsurl = {http://adsabs.harvard.edu/abs/2007MNRAS.381.1197H},
  adsnote = {Provided by the SAO/NASA Astrophysics Data System}
}


@ARTICLE{2004PhRvD..70f3526H,
   author = {{Hirata}, C.~M. and {Seljak}, U.},
    title = "{Intrinsic alignment-lensing interference as a contaminant of cosmic shear}",
  journal = {\prd},
   eprint = {astro-ph/0406275},
 keywords = {Observational cosmology, Galactic halos, Gravitational lenses and luminous arcs},
     year = 2004,
    month = sep,
   volume = 70,
   number = 6,
      eid = {063526},
    pages = {063526},
      doi = {10.1103/PhysRevD.70.063526},
   adsurl = {http://adsabs.harvard.edu/abs/2004PhRvD..70f3526H},
  adsnote = {Provided by the SAO/NASA Astrophysics Data System}
}
@ARTICLE{Tinker2010,
   author = {{Tinker}, J.~L. and {Robertson}, B.~E. and {Kravtsov}, A.~V. and
	{Klypin}, A. and {Warren}, M.~S. and {Yepes}, G. and {Gottl{\"o}ber}, S.
	},
    title = "{The Large-scale Bias of Dark Matter Halos: Numerical Calibration and Model Tests}",
  journal = {\apj},
archivePrefix = "arXiv",
   eprint = {1001.3162},
 keywords = {cosmology: theory, large-scale structure of universe, methods: numerical},
     year = 2010,
    month = dec,
   volume = 724,
    pages = {878-886},
      doi = {10.1088/0004-637X/724/2/878},
   adsurl = {http://adsabs.harvard.edu/abs/2010ApJ...724..878T},
  adsnote = {Provided by the SAO/NASA Astrophysics Data System}
}

@ARTICLE{astropy,
   author = {{Astropy Collaboration} and {Robitaille}, T.~P. and {Tollerud}, E.~J. and
	{Greenfield}, P. and {Droettboom}, M. and {Bray}, E. and {Aldcroft}, T. and
	{Davis}, M. and {Ginsburg}, A. and {Price-Whelan}, A.~M. and
	{Kerzendorf}, W.~E. and {Conley}, A. and {Crighton}, N. and
	{Barbary}, K. and {Muna}, D. and {Ferguson}, H. and {Grollier}, F. and
	{Parikh}, M.~M. and {Nair}, P.~H. and {Unther}, H.~M. and {Deil}, C. and
	{Woillez}, J. and {Conseil}, S. and {Kramer}, R. and {Turner}, J.~E.~H. and
	{Singer}, L. and {Fox}, R. and {Weaver}, B.~A. and {Zabalza}, V. and
	{Edwards}, Z.~I. and {Azalee Bostroem}, K. and {Burke}, D.~J. and
	{Casey}, A.~R. and {Crawford}, S.~M. and {Dencheva}, N. and
	{Ely}, J. and {Jenness}, T. and {Labrie}, K. and {Lim}, P.~L. and
	{Pierfederici}, F. and {Pontzen}, A. and {Ptak}, A. and {Refsdal}, B. and
	{Servillat}, M. and {Streicher}, O.},
    title = "{Astropy: A community Python package for astronomy}",
  journal = {\aap},
archivePrefix = "arXiv",
   eprint = {1307.6212},
 primaryClass = "astro-ph.IM",
 keywords = {methods: data analysis, methods: miscellaneous, virtual observatory tools},
     year = 2013,
    month = oct,
   volume = 558,
      eid = {A33},
    pages = {A33},
      doi = {10.1051/0004-6361/201322068},
   adsurl = {http://adsabs.harvard.edu/abs/2013A%26A...558A..33A},
  adsnote = {Provided by the SAO/NASA Astrophysics Data System}
}

@ARTICLE{Lesgourgues2012,
   author = {{Lesgourgues}, J. and {Pastor}, S.},
    title = "{Neutrino mass from Cosmology}",
  journal = {ArXiv e-prints},
archivePrefix = "arXiv",
   eprint = {1212.6154},
 primaryClass = "hep-ph",
 keywords = {High Energy Physics - Phenomenology, Astrophysics - Cosmology and Extragalactic Astrophysics},
     year = 2012,
    month = dec,
   adsurl = {http://adsabs.harvard.edu/abs/2012arXiv1212.6154L},
  adsnote = {Provided by the SAO/NASA Astrophysics Data System}
}

@article{Mangano2005,
title = "Relic neutrino decoupling including flavour oscillations",
journal = "Nuclear Physics B",
volume = "729",
number = "1",
pages = "221 - 234",
year = "2005",
issn = "0550-3213",
doi = "https://doi.org/10.1016/j.nuclphysb.2005.09.041",
url = "http://www.sciencedirect.com/science/article/pii/S0550321305008291",
author = "Gianpiero Mangano and Gennaro Miele and Sergio Pastor and Teguayco Pinto and Ofelia Pisanti and Pasquale D. Serpico",
keywords = "Early universe, Neutrinos, Non-equilibrium kinetics"
}

@article{Ferreira2010,
  	title = {Linear growth rate of structure in parametrized post-Friedmannian universes},
  	author = {Ferreira, Pedro G. and Skordis, Constantinos},
  	journal = {Physical Review D},
  	volume = {81},
  	issue = {10},
  	pages = {104020},
  	numpages = {15},
  	year = {2010},
  	month = {May},
  	eprint = {arXiv: 1003.4231},
  	archivePrefix  = "arXiv",
    primaryClass   = "astro-ph",
}

@article{Silvestri2013,
  	title = {Practical approach to cosmological perturbations in modified gravity},
  	author = {Silvestri, Alessandra and Pogosian, Levon and Buniy, Roman V.},
  	journal = {Physical Review D},
  	volume = {87},
  	issue = {10},
  	pages = {104015},
  	numpages = {9},
  	year = {2013},
  	month = {May},
	eprint = {arXiv: 1302.1193},
	archivePrefix  = "arXiv",
    primaryClass   = "astro-ph",
}

@ARTICLE{Gerbino2017,
   author = {{Lattanzi}, M. and {Gerbino}, M.},
    title = "{Status of neutrino properties and future prospects - Cosmological and astrophysical constraints}",
  journal = {ArXiv e-prints},
archivePrefix = "arXiv",
   eprint = {1712.07109},
 keywords = {Astrophysics - Cosmology and Nongalactic Astrophysics, High Energy Physics - Phenomenology},
     year = 2017,
    month = dec,
   adsurl = {http://adsabs.harvard.edu/abs/2017arXiv171207109L},
  adsnote = {Provided by the SAO/NASA Astrophysics Data System}
}

@article{Bullock2001,
author = {Bullock, J. S. and Kolatt, T. S. and Sigad, Y. and Somerville, R. S. and Kravtsov, A. V. and Klypin, A. A. and Primack, J. R. and Dekel, A.},
doi = {10.1046/j.1365-8711.2001.04068.x},
issn = {0035-8711},
journal = {\mnras},
keywords = {cosmology: theory,dark matter,galaxies: formation,galaxies: structure},
month = mar,
number = {3},
pages = {559--575},
title = {{Profiles of dark haloes: evolution, scatter and environment}},
url = {http://adsabs.harvard.edu/abs/2001MNRAS.321..559B},
volume = {321},
year = {2001}
}

@article{Cooray2002,
author = {Cooray, A. and Sheth, R.},
doi = {10.1016/S0370-1573(02)00276-4},
issn = {03701573},
journal = {Physics Reports},
month = dec,
number = {1},
pages = {1--129},
title = {{Halo models of large scale structure}},
url = {http://adsabs.harvard.edu/abs/2002PhR...372....1C},
volume = {372},
year = {2002}
}

@ARTICLE{Giocoli2010,
   author = {{Giocoli}, C. and {Bartelmann}, M. and {Sheth}, R.~K. and {Cacciato}, M.
	},
    title = "{Halo model description of the non-linear dark matter power spectrum at k {\gt}{\gt} 1Mpc$^{-1}$}",
  journal = {\mnras},
archivePrefix = "arXiv",
   eprint = {1003.4740},
 keywords = {gravitational lensing: weak, methods: analytical, galaxies: haloes, cosmology: theory, dark matter},
     year = 2010,
    month = oct,
   volume = 408,
    pages = {300-313},
      doi = {10.1111/j.1365-2966.2010.17108.x},
   adsurl = {http://adsabs.harvard.edu/abs/2010MNRAS.408..300G},
  adsnote = {Provided by the SAO/NASA Astrophysics Data System}
}

@ARTICLE{Mo1996,
   author = {{Mo}, H.~J. and {White}, S.~D.~M.},
    title = "{An analytic model for the spatial clustering of dark matter haloes}",
  journal = {\mnras},
   eprint = {astro-ph/9512127},
 keywords = {METHODS: ANALYTICAL, GALAXIES: CLUSTERS: GENERAL, GALAXIES: FORMATION, COSMOLOGY: THEORY, DARK MATTER},
     year = 1996,
    month = sep,
   volume = 282,
    pages = {347-361},
   adsurl = {http://adsabs.harvard.edu/abs/1996MNRAS.282..347M},
  adsnote = {Provided by the SAO/NASA Astrophysics Data System}
}

@article{Navarro1997,
author = {Navarro, Julio F. and Frenk, Carlos S. and White, Simon D. M.},
doi = {10.1086/304888},
issn = {0004-637X},
journal = {\apj},
keywords = {COSMOLOGY: DARK MATTER,COSMOLOGY: THEORY,GALAXIES: HALOS,METHODS: NUMERICAL},
month = dec,
number = {2},
pages = {493--508},
title = {{A Universal Density Profile from Hierarchical Clustering}},
url = {http://adsabs.harvard.edu/abs/1997ApJ...490..493N},
volume = {490},
year = {1997}
}

@ARTICLE{Peacock2000,
   author = {{Peacock}, J.~A. and {Smith}, R.~E.},
    title = "{Halo occupation numbers and galaxy bias}",
  journal = {\mnras},
   eprint = {astro-ph/0005010},
 keywords = {GALAXIES: CLUSTERS: GENERAL, COSMOLOGY: THEORY, LARGE-SCALE STRUCTURE OF UNIVERSE},
     year = 2000,
    month = nov,
   volume = 318,
    pages = {1144-1156},
      doi = {10.1046/j.1365-8711.2000.03779.x},
   adsurl = {http://adsabs.harvard.edu/abs/2000MNRAS.318.1144P},
  adsnote = {Provided by the SAO/NASA Astrophysics Data System}
}

@ARTICLE{Seljak2000,
   author = {{Seljak}, U.},
    title = "{Analytic model for galaxy and dark matter clustering}",
  journal = {\mnras},
   eprint = {arXiv:astro-ph/0001493},
 keywords = {GALAXIES: CLUSTERS: GENERAL, COSMOLOGY: THEORY, DARK MATTER},
     year = 2000,
    month = oct,
   volume = 318,
    pages = {203-213},
      doi = {10.1046/j.1365-8711.2000.03715.x},
   adsurl = {http://adsabs.harvard.edu/abs/2000MNRAS.318..203S},
  adsnote = {Provided by the SAO/NASA Astrophysics Data System}
}

@article{Sheth2001,
author = {Sheth, Ravi K. and Mo, H. J. and Tormen, Giuseppe},
doi = {10.1046/j.1365-8711.2001.04006.x},
issn = {0035-8711},
journal = {\mnras},
keywords = {COSMOLOGY: THEORY,DARK MATTER,GALAXIES: CLUSTERS: GENERAL},
month = may,
number = {1},
pages = {1--12},
title = {{Ellipsoidal collapse and an improved model for the number and spatial distribution of dark matter haloes}},
url = {http://adsabs.harvard.edu/abs/2001MNRAS.323....1S},
volume = {323},
year = {2001}
}

@ARTICLE{Smith2007,
   author = {{Smith}, R.~E. and {Scoccimarro}, R. and {Sheth}, R.~K.},
    title = "{Scale dependence of halo and galaxy bias: Effects in real space}",
  journal = {\prd},
   eprint = {astro-ph/0609547},
 keywords = {Cosmology},
     year = 2007,
    month = mar,
   volume = 75,
   number = 6,
      eid = {063512},
    pages = {063512},
      doi = {10.1103/PhysRevD.75.063512},
   adsurl = {http://adsabs.harvard.edu/abs/2007PhRvD..75f3512S},
  adsnote = {Provided by the SAO/NASA Astrophysics Data System}
}

@ARTICLE{Smith2011,
   author = {{Smith}, R.~E. and {Markovic}, K.},
    title = "{Testing the warm dark matter paradigm with large-scale structures}",
  journal = {\prd},
archivePrefix = "arXiv",
   eprint = {1103.2134},
 primaryClass = "astro-ph.CO",
 keywords = {Cosmology},
     year = 2011,
    month = sep,
   volume = 84,
   number = 6,
      eid = {063507},
    pages = {063507},
      doi = {10.1103/PhysRevD.84.063507},
   adsurl = {http://adsabs.harvard.edu/abs/2011PhRvD..84f3507S},
  adsnote = {Provided by the SAO/NASA Astrophysics Data System}
}

@ARTICLE{Chisari2019,
       author = {{Chisari}, Nora Elisa and {Alonso}, David and {Krause}, Elisabeth and
         {Leonard}, C. Danielle and {Bull}, Philip and {Neveu}, J{\'e}r{\'e}my and
         {Villarreal}, Antonio and {Singh}, Sukhdeep and {McClintock}, Thomas and
         {Ellison}, John and {Du}, Zilong and {Zuntz}, Joe and {Mead}, Alexand
        er and {Joudaki}, Shahab and {Lorenz}, Christiane S. and
         {Tr{\"o}ster}, Tilman and {Sanchez}, Javier and {Lanusse}, Francois and
         {Ishak}, Mustapha and {Hlozek}, Ren{\'e}e and {Blazek}, Jonathan and
         {Campagne}, Jean-Eric and {Almoubayyed}, Husni and {Eifler}, Tim and
         {Kirby}, Matthew and {Kirkby}, David and {Plaszczynski}, St{\'e}phane and
         {Slosar}, An{\v{z}}e and {Vrastil}, Michal and {Wagoner}, Erika L. and
         {LSST Dark Energy Science Collaboration}},
        title = "{Core Cosmology Library: Precision Cosmological Predictions for LSST}",
      journal = {\apjs},
     keywords = {cosmology: theory, dark energy, large-scale structure of universe, Astrophysics - Cosmology and Nongalactic Astrophysics, Astrophysics - Instrumentation and Methods for Astrophysics},
         year = "2019",
        month = "May",
       volume = {242},
       number = {1},
          eid = {2},
        pages = {2},
          doi = {10.3847/1538-4365/ab1658},
archivePrefix = {arXiv},
       eprint = {1812.05995},
 primaryClass = {astro-ph.CO},
       adsurl = {https://ui.adsabs.harvard.edu/abs/2019ApJS..242....2C},
      adsnote = {Provided by the SAO/NASA Astrophysics Data System}
}

@ARTICLE{camb,
      author         = "Lewis, Antony and Challinor, Anthony and Lasenby,
                        Anthony",
      title          = "{Efficient computation of CMB anisotropies in closed FRW
                        models}",
      journal        = "\apj",
      volume         = "538",
      year           = "2000",
      pages          = "473-476",
      doi            = "10.1086/309179",
      eprint         = "astro-ph/9911177",
      archivePrefix  = "arXiv",
      primaryClass   = "astro-ph",
      SLACcitation   = "%%CITATION = ASTRO-PH/9911177;%%"
}
