@ARTICLE{Zuntz15,
       author = {{Zuntz}, J. and {Paterno}, M. and {Jennings}, E. and {Rudd}, D. and
         {Manzotti}, A. and {Dodelson}, S. and {Bridle}, S. and {Sehrish}, S. and
         {Kowalkowski}, J.},
        title = "{CosmoSIS: Modular cosmological parameter estimation}",
      journal = {Astronomy and Computing},
     keywords = {Cosmology:miscellaneous, Methods:data analysis, Methods:statistical, Astrophysics - Cosmology and Nongalactic Astrophysics, Astrophysics - Instrumentation and Methods for Astrophysics},
         year = "2015",
        month = "Sep",
       volume = {12},
        pages = {45-59},
          doi = {10.1016/j.ascom.2015.05.005},
archivePrefix = {arXiv},
       eprint = {1409.3409},
 primaryClass = {astro-ph.CO},
       adsurl = {https://ui.adsabs.harvard.edu/\#abs/2015A&C....12...45Z},
      adsnote = {Provided by the SAO/NASA Astrophysics Data System}
}



@ARTICLE{Catelan01,
   author = {{Catelan}, P. and {Kamionkowski}, M. and {Blandford}, R.~D.},
    title = "{Intrinsic and extrinsic galaxy alignment}",
  journal = {\mnras},
   eprint = {astro-ph/0005470},
 keywords = {GRAVITATIONAL LENSING, COSMOLOGY: THEORY, LARGE-SCALE STRUCTURE OF UNIVERSE},
     year = 2001,
    month = jan,
   volume = 320,
    pages = {L7-L13},
      doi = {10.1046/j.1365-8711.2001.04105.x},
   adsurl = {http://adsabs.harvard.edu/abs/2001MNRAS.320L...7C},
  adsnote = {Provided by the SAO/NASA Astrophysics Data System}
}

@ARTICLE{1954ApJ...119..655L,
   author = {{Limber}, D.~N.},
    title = "{The Analysis of Counts of the Extragalactic Nebulae in Terms of a Fluctuating Density Field. II.}",
  journal = {\apj},
     year = 1954,
    month = may,
   volume = 119,
    pages = {655},
      doi = {10.1086/145870},
   adsurl = {http://adsabs.harvard.edu/abs/1954ApJ...119..655L},
  adsnote = {Provided by the SAO/NASA Astrophysics Data System}
}

@ARTICLE{2004PhRvD..69h3524A,
       author = {{Afshordi}, Niayesh and {Loh}, Yeong-Shang and {Strauss}, Michael A.},
        title = "{Cross-correlation of the cosmic microwave background with the 2MASS galaxy survey: Signatures of dark energy, hot gas, and point sources}",
      journal = {\prd},
     keywords = {98.65.Dx, 98.65.Hb, 98.70.Dk, 98.70.Vc, Superclusters, large-scale structure of the Universe, Intracluster matter, cooling flows, Radio sources, Background radiations, Astrophysics},
         year = "2004",
        month = "Apr",
       volume = {69},
          eid = {083524},
        pages = {083524},
          doi = {10.1103/PhysRevD.69.083524},
archivePrefix = {arXiv},
       eprint = {astro-ph/0308260},
 primaryClass = {astro-ph},
       adsurl = {https://ui.adsabs.harvard.edu/\#abs/2004PhRvD..69h3524A},
      adsnote = {Provided by the SAO/NASA Astrophysics Data System}
}

@ARTICLE{numcosmo,
   author = {{Doux}, C. and {Penna-Lima}, M. and {Vitenti}, S.~D.~P. and 
	{Tr{\'e}guer}, J. and {Aubourg}, E. and {Ganga}, K.},
    title = "{Cosmological constraints from a joint analysis of cosmic microwave background and spectroscopic tracers of the large-scale structure}",
  journal = {\mnras},
archivePrefix = "arXiv",
   eprint = {1706.04583},
 keywords = {cosmological parameters, cosmic background radiation, large-scale structure of Universe, dark energy},
     year = 2018,
    month = aug,
      doi = {10.1093/mnras/sty2160},
   adsurl = {http://adsabs.harvard.edu/abs/2018MNRAS.tmp.2058D},
  adsnote = {Provided by the SAO/NASA Astrophysics Data System}
}

@article{camb,
      author         = "Lewis, Antony and Bridle, Sarah",
      title          = "{Cosmological parameters from CMB and other data: A Monte
                        Carlo approach}",
      journal        = "\prd",
      volume         = "66",
      year           = "2002",
      pages          = "103511",
      doi            = "10.1103/PhysRevD.66.103511",
      eprint         = "astro-ph/0205436",
      archivePrefix  = "arXiv",
      primaryClass   = "astro-ph",
      SLACcitation   = "%%CITATION = ASTRO-PH/0205436;%%"
}

@ARTICLE{Paranjape2014,
   author = {{Paranjape}, A.},
    title = "{Cosmology with galaxy clusters: Systematic effects in the halo mass function}",
  journal = {\prd},
archivePrefix = "arXiv",
   eprint = {1403.3402},
 keywords = {Cosmology, Dark matter, Superclusters, large-scale structure of the Universe},
     year = 2014,
    month = jul,
   volume = 90,
   number = 2,
      eid = {023520},
    pages = {023520},
      doi = {10.1103/PhysRevD.90.023520},
   adsurl = {http://adsabs.harvard.edu/abs/2014PhRvD..90b3520P},
  adsnote = {Provided by the SAO/NASA Astrophysics Data System}
}


@ARTICLE{Mao2018,
   author = {{Mao}, Y.-Y. and {Zentner}, A.~R. and {Wechsler}, R.~H.},
    title = "{Beyond assembly bias: exploring secondary halo biases for cluster-size haloes}",
  journal = {\mnras},
archivePrefix = "arXiv",
   eprint = {1705.03888},
 keywords = {methods: numerical, galaxies: clusters: general, galaxies: formation, galaxies: haloes, dark matter, large-scale structure of Universe},
     year = 2018,
    month = mar,
   volume = 474,
    pages = {5143-5157},
      doi = {10.1093/mnras/stx3111},
   adsurl = {http://adsabs.harvard.edu/abs/2018MNRAS.474.5143M},
  adsnote = {Provided by the SAO/NASA Astrophysics Data System}
}


@ARTICLE{Sunayama2016,
   author = {{Sunayama}, T. and {Hearin}, A.~P. and {Padmanabhan}, N. and 
	{Leauthaud}, A.},
    title = "{The scale-dependence of halo assembly bias}",
  journal = {\mnras},
archivePrefix = "arXiv",
   eprint = {1509.06417},
 keywords = {galaxies: haloes, cosmology: theory, dark matter, large-scale structure of Universe},
     year = 2016,
    month = may,
   volume = 458,
    pages = {1510-1516},
      doi = {10.1093/mnras/stw332},
   adsurl = {http://adsabs.harvard.edu/abs/2016MNRAS.458.1510S},
  adsnote = {Provided by the SAO/NASA Astrophysics Data System}
}


@ARTICLE{Villarreal2017,
   author = {{Villarreal}, A.~S. and {Zentner}, A.~R. and {Mao}, Y.-Y. and 
	{Purcell}, C.~W. and {van den Bosch}, F.~C. and {Diemer}, B. and 
	{Lange}, J.~U. and {Wang}, K. and {Campbell}, D.},
    title = "{The immitigable nature of assembly  bias: the impact of halo definition on assembly bias}",
  journal = {\mnras},
archivePrefix = "arXiv",
   eprint = {1705.04327},
 keywords = {methods: numerical, galaxies: formation, galaxies: haloes, dark matter, large-scale structure of Universe},
     year = 2017,
    month = nov,
   volume = 472,
    pages = {1088-1105},
      doi = {10.1093/mnras/stx2045},
   adsurl = {http://adsabs.harvard.edu/abs/2017MNRAS.472.1088V},
  adsnote = {Provided by the SAO/NASA Astrophysics Data System}
}

@ARTICLE{Parfrey2011,
   author = {{Parfrey}, K. and {Hui}, L. and {Sheth}, R.~K.},
    title = "{Scale-dependent halo bias from scale-dependent growth}",
  journal = {\prd},
archivePrefix = "arXiv",
   eprint = {1012.1335},
 primaryClass = "astro-ph.CO",
 keywords = {Cosmology, Dark matter, Superclusters, large-scale structure of the Universe, Observational cosmology},
     year = 2011,
    month = mar,
   volume = 83,
   number = 6,
      eid = {063511},
    pages = {063511},
      doi = {10.1103/PhysRevD.83.063511},
   adsurl = {http://adsabs.harvard.edu/abs/2011PhRvD..83f3511P},
  adsnote = {Provided by the SAO/NASA Astrophysics Data System}
}

@ARTICLE{Croton2007,
   author = {{Croton}, D.~J. and {Gao}, L. and {White}, S.~D.~M.},
    title = "{Halo assembly bias and its effects on galaxy clustering}",
  journal = {\mnras},
   eprint = {astro-ph/0605636},
 keywords = {galaxies: evolution, galaxies: statistics, cosmology: theory., large-scale structure of Universe},
     year = 2007,
    month = feb,
   volume = 374,
    pages = {1303-1309},
      doi = {10.1111/j.1365-2966.2006.11230.x},
   adsurl = {http://adsabs.harvard.edu/abs/2007MNRAS.374.1303C},
  adsnote = {Provided by the SAO/NASA Astrophysics Data System}
}


@ARTICLE{Schulz2006,
   author = {{Schulz}, A.~E. and {White}, M.},
    title = "{Scale-dependent bias and the halo model}",
  journal = {Astroparticle Physics},
   eprint = {astro-ph/0510100},
     year = 2006,
    month = mar,
   volume = 25,
    pages = {172-177},
      doi = {10.1016/j.astropartphys.2005.11.007},
   adsurl = {http://adsabs.harvard.edu/abs/2006APh....25..172S},
  adsnote = {Provided by the SAO/NASA Astrophysics Data System}
}

@ARTICLE{Gao2005,
   author = {{Gao}, L. and {Springel}, V. and {White}, S.~D.~M.},
    title = "{The age dependence of halo clustering}",
  journal = {\mnras},
   eprint = {astro-ph/0506510},
 keywords = {methods: N-body simulations, methods: numerical, galaxies: clusters: general, galaxies: haloes, dark matter},
     year = 2005,
    month = oct,
   volume = 363,
    pages = {L66-L70},
      doi = {10.1111/j.1745-3933.2005.00084.x},
   adsurl = {http://adsabs.harvard.edu/abs/2005MNRAS.363L..66G},
  adsnote = {Provided by the SAO/NASA Astrophysics Data System}
}


@ARTICLE{CODATA14,
   author = {{Mohr}, P.~J. and {Newell}, D.~B. and {Taylor}, B.~N.},
    title = "{CODATA recommended values of the fundamental physical constants: 2014*}",
  journal = {Reviews of Modern Physics},
archivePrefix = "arXiv",
   eprint = {1507.07956},
 primaryClass = "physics.atom-ph",
     year = 2016,
    month = jul,
   volume = 88,
   number = 3,
      eid = {035009},
    pages = {035009},
      doi = {10.1103/RevModPhys.88.035009},
   adsurl = {http://adsabs.harvard.edu/abs/2016RvMP...88c5009M},
  adsnote = {Provided by the SAO/NASA Astrophysics Data System}
}


@ARTICLE{2011A&A...526A.108R,
author = {{Reinecke}, M.},
title = "{Libpsht - algorithms for efficient spherical harmonic transforms}",
journal = {\aap},
archivePrefix = "arXiv",
eprint = {1010.2084},
primaryClass = "astro-ph.IM",
keywords = {methods: numerical, cosmic background radiation, large-scale structure of the Universe},
year = 2011,
month = feb,
volume = 526,
eid = {A108},
pages = {A108},
doi = {10.1051/0004-6361/201015906},
adsurl = {http://adsabs.harvard.edu/abs/2011A%26A...526A.108R},
adsnote = {Provided by the SAO/NASA Astrophysics Data System}
}



@ARTICLE{IAU15,
   author = {{Mamajek}, E.~E. and {Prsa}, A. and {Torres}, G. and {Harmanec}, P. and 
	{Asplund}, M. and {Bennett}, P.~D. and {Capitaine}, N. and {Christensen-Dalsgaard}, J. and 
	{Depagne}, E. and {Folkner}, W.~M. and {Haberreiter}, M. and 
	{Hekker}, S. and {Hilton}, J.~L. and {Kostov}, V. and {Kurtz}, D.~W. and 
	{Laskar}, J. and {Mason}, B.~D. and {Milone}, E.~F. and {Montgomery}, M.~M. and 
	{Richards}, M.~T. and {Schou}, J. and {Stewart}, S.~G.},
    title = "{IAU 2015 Resolution B3 on Recommended Nominal Conversion Constants for Selected Solar and Planetary Properties}",
  journal = {ArXiv e-prints},
archivePrefix = "arXiv",
   eprint = {1510.07674},
 primaryClass = "astro-ph.SR",
 keywords = {Astrophysics - Solar and Stellar Astrophysics, Astrophysics - Earth and Planetary Astrophysics, Astrophysics - Astrophysics of Galaxies, Astrophysics - High Energy Astrophysical Phenomena, Astrophysics - Instrumentation and Methods for Astrophysics},
     year = 2015,
    month = oct,
   adsurl = {http://adsabs.harvard.edu/abs/2015arXiv151007674M},
  adsnote = {Provided by the SAO/NASA Astrophysics Data System}
}

@ARTICLE{Porter11,
   author = {{Porter}, T.~A. and {Johnson}, R.~P. and {Graham}, P.~W.},
    title = "{Dark Matter Searches with Astroparticle Data}",
  journal = {\araa},
archivePrefix = "arXiv",
   eprint = {1104.2836},
 primaryClass = "astro-ph.HE",
     year = 2011,
    month = sep,
   volume = 49,
    pages = {155-194},
      doi = {10.1146/annurev-astro-081710-102528},
   adsurl = {http://adsabs.harvard.edu/abs/2011ARA%26A..49..155P},
  adsnote = {Provided by the SAO/NASA Astrophysics Data System}
}

@ARTICLE{Baker11,
   author = {{Baker}, T. and {Ferreira}, P.~G. and {Skordis}, C. and {Zuntz}, J.
	},
    title = "{Towards a fully consistent parametrization of modified gravity}",
  journal = {\prd},
archivePrefix = "arXiv",
   eprint = {1107.0491},
 primaryClass = "astro-ph.CO",
 keywords = {Modified theories of gravity, Post-Newtonian approximation, perturbation theory, related approximations, Relativity and gravitation, Mathematical and relativistic aspects of cosmology},
     year = 2011,
    month = dec,
   volume = 84,
   number = 12,
      eid = {124018},
    pages = {124018},
      doi = {10.1103/PhysRevD.84.124018},
   adsurl = {http://adsabs.harvard.edu/abs/2011PhRvD..84l4018B},
  adsnote = {Provided by the SAO/NASA Astrophysics Data System}
}

@ARTICLE{McClintock18,
   author = {{McClintock}, T. and {Varga}, T.~N. and {Gruen}, D. and {Rozo}, E. and 
	{Rykoff}, E.~S. and {Shin}, T. and {Melchior}, P. and {DeRose}, J. and 
	{Seitz}, S. and {Dietrich}, J.~P. and {Sheldon}, E. and {Zhang}, Y. and 
	{von der Linden}, A. and {Jeltema}, T. and {Mantz}, A. and {Romer}, A.~K. and 
	{Allen}, S. and {Becker}, M.~R. and {Bermeo}, A. and {Bhargava}, S. and 
	{Costanzi}, M. and {Everett}, S. and {Farahi}, A. and {Hamaus}, N. and 
	{Hartley}, W.~G. and {Hollowood}, D.~L. and {Hoyle}, B. and 
	{Israel}, H. and {Li}, P. and {MacCrann}, N. and {Morris}, G. and 
	{Palmese}, A. and {Plazas}, A.~A. and {Pollina}, G. and {Rau}, M.~M. and 
	{Simet}, M. and {Soares-Santos}, M. and {Troxel}, M.~A. and 
	{Vergara Cervantes}, C. and {Wechsler}, R.~H. and {Zuntz}, J. and 
	{Abbott}, T.~M.~C. and {Abdalla}, F.~B. and {Allam}, S. and 
	{Annis}, J. and {Avila}, S. and {Bridle}, S.~L. and {Brooks}, D. and 
	{Burke}, D.~L. and {Carnero Rosell}, A. and {Carrasco Kind}, M. and 
	{Carretero}, J. and {Castander}, F.~J. and {Crocce}, M. and 
	{Cunha}, C.~E. and {D'Andrea}, C.~B. and {da Costa}, L.~N. and 
	{Davis}, C. and {De Vicente}, J. and {Diehl}, H.~T. and {Doel}, P. and 
	{Drlica-Wagner}, A. and {Evrard}, A.~E. and {Flaugher}, B. and 
	{Fosalba}, P. and {Frieman}, J. and {Garc{\'{\i}}a-Bellido}, J. and 
	{Gaztanaga}, E. and {Gerdes}, D.~W. and {Giannantonio}, T. and 
	{Gruendl}, R.~A. and {Gutierrez}, G. and {Honscheid}, K. and 
	{James}, D.~J. and {Kirk}, D. and {Krause}, E. and {Kuehn}, K. and 
	{Lahav}, O. and {Li}, T.~S. and {Lima}, M. and {March}, M. and 
	{Marshall}, J.~L. and {Menanteau}, F. and {Miquel}, R. and {Mohr}, J.~J. and 
	{Nord}, B. and {Ogando}, R.~L.~C. and {Roodman}, A. and {Sanchez}, E. and 
	{Scarpine}, V. and {Schindler}, R. and {Sevilla-Noarbe}, I. and 
	{Smith}, M. and {Smith}, R.~C. and {Sobreira}, F. and {Suchyta}, E. and 
	{Swanson}, M.~E.~C. and {Tarle}, G. and {Tucker}, D.~L. and 
	{Vikram}, V. and {Walker}, A.~R. and {Weller}, J.},
    title = "{Dark Energy Survey Year 1 Results: Weak Lensing Mass Calibration of redMaPPer Galaxy Clusters}",
  journal = {ArXiv e-prints},
archivePrefix = "arXiv",
   eprint = {1805.00039},
 keywords = {Astrophysics - Cosmology and Nongalactic Astrophysics},
     year = 2018,
    month = apr,
   adsurl = {http://adsabs.harvard.edu/abs/2018arXiv180500039M},
  adsnote = {Provided by the SAO/NASA Astrophysics Data System}
}

@ARTICLE{Chisari18,
   author = {{Chisari}, N.~E. and {Richardson}, M.~L.~A. and {Devriendt}, J. and 
	{Dubois}, Y. and {Schneider}, A. and {Le Brun}, A.~M.~C. and 
	{Beckmann}, R.~S. and {Peirani}, S. and {Slyz}, A. and {Pichon}, C.
	},
    title = "{The impact of baryons on the matter power spectrum from the Horizon-AGN cosmological hydrodynamical simulation}",
  journal = {\mnras},
archivePrefix = "arXiv",
   eprint = {1801.08559},
 keywords = {gravitational lensing: weak, methods: numerical, large-scale structure of Universe, cosmology: theory},
     year = 2018,
    month = nov,
   volume = 480,
    pages = {3962-3977},
      doi = {10.1093/mnras/sty2093},
   adsurl = {http://adsabs.harvard.edu/abs/2018MNRAS.480.3962C},
  adsnote = {Provided by the SAO/NASA Astrophysics Data System}
}

@ARTICLE{Dalal08,
   author = {{Dalal}, N. and {Dor{\'e}}, O. and {Huterer}, D. and {Shirokov}, A.
	},
    title = "{Imprints of primordial non-Gaussianities on large-scale structure: Scale-dependent bias and abundance of virialized objects}",
  journal = {\prd},
archivePrefix = "arXiv",
   eprint = {0710.4560},
 keywords = {Superclusters, large-scale structure of the Universe, Dark matter, Particle-theory and field-theory models of the early Universe},
     year = 2008,
    month = jun,
   volume = 77,
   number = 12,
      eid = {123514},
    pages = {123514},
      doi = {10.1103/PhysRevD.77.123514},
   adsurl = {http://adsabs.harvard.edu/abs/2008PhRvD..77l3514D},
  adsnote = {Provided by the SAO/NASA Astrophysics Data System}
}

@ARTICLE{Desjacques10,
   author = {{Desjacques}, V. and {Seljak}, U.},
    title = "{Primordial non-Gaussianity from the large-scale structure}",
  journal = {Classical and Quantum Gravity},
archivePrefix = "arXiv",
   eprint = {1003.5020},
     year = 2010,
    month = jun,
   volume = 27,
   number = 12,
      eid = {124011},
    pages = {124011},
      doi = {10.1088/0264-9381/27/12/124011},
   adsurl = {http://adsabs.harvard.edu/abs/2010CQGra..27l4011D},
  adsnote = {Provided by the SAO/NASA Astrophysics Data System}
}

@ARTICLE{Allison15,
   author = {{Allison}, R. and {Caucal}, P. and {Calabrese}, E. and {Dunkley}, J. and 
	{Louis}, T.},
    title = "{Towards a cosmological neutrino mass detection}",
  journal = {\prd},
archivePrefix = "arXiv",
   eprint = {1509.07471},
 keywords = {Cosmology, Neutrino mass and mixing, Neutrino muon pion and other elementary particles, cosmic rays},
     year = 2015,
    month = dec,
   volume = 92,
   number = 12,
      eid = {123535},
    pages = {123535},
      doi = {10.1103/PhysRevD.92.123535},
   adsurl = {http://adsabs.harvard.edu/abs/2015PhRvD..92l3535A},
  adsnote = {Provided by the SAO/NASA Astrophysics Data System}
}

@ARTICLE{Lesgourgues12,
   author = {{Lesgourgues}, J. and {Pastor}, S.},
    title = "{Neutrino mass from Cosmology}",
  journal = {ArXiv e-prints},
archivePrefix = "arXiv",
   eprint = {1212.6154},
 primaryClass = "hep-ph",
 keywords = {High Energy Physics - Phenomenology, Astrophysics - Cosmology and Extragalactic Astrophysics},
     year = 2012,
    month = dec,
   adsurl = {http://adsabs.harvard.edu/abs/2012arXiv1212.6154L},
  adsnote = {Provided by the SAO/NASA Astrophysics Data System}
}

@ARTICLE{Wong11,
   author = {{Wong}, Y.~Y.~Y.},
    title = "{Neutrino Mass in Cosmology: Status and Prospects}",
  journal = {Annual Review of Nuclear and Particle Science},
archivePrefix = "arXiv",
   eprint = {1111.1436},
     year = 2011,
    month = nov,
   volume = 61,
    pages = {69-98},
      doi = {10.1146/annurev-nucl-102010-130252},
   adsurl = {http://adsabs.harvard.edu/abs/2011ARNPS..61...69W},
  adsnote = {Provided by the SAO/NASA Astrophysics Data System}
}

@ARTICLE{Feng10,
   author = {{Feng}, J.~L.},
    title = "{Dark Matter Candidates from Particle Physics and Methods of Detection}",
  journal = {\araa},
archivePrefix = "arXiv",
   eprint = {1003.0904},
 primaryClass = "astro-ph.CO",
     year = 2010,
    month = sep,
   volume = 48,
    pages = {495-545},
      doi = {10.1146/annurev-astro-082708-101659},
   adsurl = {http://adsabs.harvard.edu/abs/2010ARA%26A..48..495F},
  adsnote = {Provided by the SAO/NASA Astrophysics Data System}
}

@ARTICLE{Cooray04,
   author = {{Cooray}, A. and {Huterer}, D. and {Baumann}, D.},
    title = "{Growth rate of large-scale structure as a powerful probe of dark energy}",
  journal = {\prd},
   eprint = {astro-ph/0304268},
 keywords = {Observational cosmology, Electric and magnetic fields, Background radiations},
     year = 2004,
    month = jan,
   volume = 69,
   number = 2,
      eid = {027301},
    pages = {027301},
      doi = {10.1103/PhysRevD.69.027301},
   adsurl = {http://adsabs.harvard.edu/abs/2004PhRvD..69b7301C},
  adsnote = {Provided by the SAO/NASA Astrophysics Data System}
}

@ARTICLE{Chang13,
   author = {{Chang}, C. and {Jarvis}, M. and {Jain}, B. and {Kahn}, S.~M. and 
	{Kirkby}, D. and {Connolly}, A. and {Krughoff}, S. and {Peng}, E.-H. and 
	{Peterson}, J.~R.},
    title = "{The effective number density of galaxies for weak lensing measurements in the LSST project}",
  journal = {\mnras},
archivePrefix = "arXiv",
   eprint = {1305.0793},
 keywords = {methods: data analysis, cosmology: observations},
     year = 2013,
    month = sep,
   volume = 434,
    pages = {2121-2135},
      doi = {10.1093/mnras/stt1156},
   adsurl = {http://adsabs.harvard.edu/abs/2013MNRAS.434.2121C},
  adsnote = {Provided by the SAO/NASA Astrophysics Data System}
}


@ARTICLE{LSSTSB,
   author = {{LSST Science Collaboration} and {Abell}, P.~A. and {Allison}, J. and 
	{Anderson}, S.~F. and {Andrew}, J.~R. and {Angel}, J.~R.~P. and 
	{Armus}, L. and {Arnett}, D. and {Asztalos}, S.~J. and {Axelrod}, T.~S. and et al.},
    title = "{LSST Science Book, Version 2.0}",
  journal = {ArXiv e-prints},
archivePrefix = "arXiv",
   eprint = {0912.0201},
 primaryClass = "astro-ph.IM",
 keywords = {Astrophysics - Instrumentation and Methods for Astrophysics, Astrophysics - Cosmology and Extragalactic Astrophysics, Astrophysics - Earth and Planetary Astrophysics, Astrophysics - Galaxy Astrophysics, Astrophysics - Solar and Stellar Astrophysics},
     year = 2009,
    month = dec,
   adsurl = {http://adsabs.harvard.edu/abs/2009arXiv0912.0201L},
  adsnote = {Provided by the SAO/NASA Astrophysics Data System}
}

@MISC{FFTW,
   author = {{Frigo}, M. and {Johnson}, S.~G.},
    title = "{FFTW: Fastest Fourier Transform in the West}",
 keywords = {Software},
howpublished = {Astrophysics Source Code Library},
     year = 2012,
    month = jan,
archivePrefix = "ascl",
   eprint = {1201.015},
   adsurl = {http://adsabs.harvard.edu/abs/2012ascl.soft01015F},
  adsnote = {Provided by the SAO/NASA Astrophysics Data System}
}

@ARTICLE{Carroll2001CC,
   author = {{Carroll}, S.~M.},
    title = "{The Cosmological Constant}",
  journal = {Living Reviews in Relativity},
   eprint = {astro-ph/0004075},
 keywords = {cosmology, cosmological constant, vacuum energy},
     year = 2001,
    month = feb,
   volume = 4,
      eid = {1},
    pages = {1},
      doi = {10.12942/lrr-2001-1},
   adsurl = {http://adsabs.harvard.edu/abs/2001LRR.....4....1C},
  adsnote = {Provided by the SAO/NASA Astrophysics Data System}
}


@ARTICLE{Peebles2003,
   author = {{Peebles}, P.~J. and {Ratra}, B.},
    title = "{The cosmological constant and dark energy}",
  journal = {Reviews of Modern Physics},
   eprint = {astro-ph/0207347},
 keywords = {Dark matter, Mathematical and relativistic aspects of cosmology, Surveys and tutorial papers, resource letters},
     year = 2003,
    month = apr,
   volume = 75,
    pages = {559-606},
      doi = {10.1103/RevModPhys.75.559},
   adsurl = {http://adsabs.harvard.edu/abs/2003RvMP...75..559P},
  adsnote = {Provided by the SAO/NASA Astrophysics Data System}
}

@ARTICLE{Padmanabhan2003,
   author = {{Padmanabhan}, T.},
    title = "{Cosmological constant-the weight of the vacuum}",
  journal = {\physrep},
   eprint = {hep-th/0212290},
     year = 2003,
    month = jul,
   volume = 380,
    pages = {235-320},
      doi = {10.1016/S0370-1573(03)00120-0},
   adsurl = {http://adsabs.harvard.edu/abs/2003PhR...380..235P},
  adsnote = {Provided by the SAO/NASA Astrophysics Data System}
}

@ARTICLE{2013MNRAS.436.2038Z,
   author = {{Zhao}, G.-B. and {Saito}, S. and {Percival}, W.~J. and {Ross}, A.~J. and 
	{Montesano}, F. and {Viel}, M. and {Schneider}, D.~P. and {Manera}, M. and 
	{Miralda-Escud{\'e}}, J. and {Palanque-Delabrouille}, N. and 
	{Ross}, N.~P. and {Samushia}, L. and {S{\'a}nchez}, A.~G. and 
	{Swanson}, M.~E.~C. and {Thomas}, D. and {Tojeiro}, R. and {Y{\`e}che}, C. and 
	{York}, D.~G.},
    title = "{The clustering of galaxies in the SDSS-III Baryon Oscillation Spectroscopic Survey: weighing the neutrino mass using the galaxy power spectrum of the CMASS sample}",
  journal = {\mnras},
archivePrefix = "arXiv",
   eprint = {1211.3741},
 primaryClass = "astro-ph.CO",
 keywords = {cosmological parameters, large-scale structure of Universe},
     year = 2013,
    month = dec,
   volume = 436,
    pages = {2038-2053},
      doi = {10.1093/mnras/stt1710},
   adsurl = {http://adsabs.harvard.edu/abs/2013MNRAS.436.2038Z},
  adsnote = {Provided by the SAO/NASA Astrophysics Data System}
}

@ARTICLE{2016arXiv161109787D,
   author = {{Desjacques}, V. and {Jeong}, D. and {Schmidt}, F.},
    title = "{Large-Scale Galaxy Bias}",
  journal = {ArXiv e-prints},
archivePrefix = "arXiv",
   eprint = {1611.09787},
 keywords = {Astrophysics - Cosmology and Nongalactic Astrophysics, Astrophysics - Astrophysics of Galaxies, General Relativity and Quantum Cosmology, High Energy Physics - Phenomenology},
     year = 2016,
    month = nov,
   adsurl = {http://adsabs.harvard.edu/abs/2016arXiv161109787D},
  adsnote = {Provided by the SAO/NASA Astrophysics Data System}
}

@ARTICLE{Copeland2006,
   author = {{Copeland}, E.~J. and {Sami}, M. and {Tsujikawa}, S.},
    title = "{Dynamics of Dark Energy}",
  journal = {International Journal of Modern Physics D},
   eprint = {hep-th/0603057},
 keywords = {Dark energy, cosmological constant, scalar fields, particle physics, modified gravity},
     year = 2006,
   volume = 15,
    pages = {1753-1935},
      doi = {10.1142/S021827180600942X},
   adsurl = {http://adsabs.harvard.edu/abs/2006IJMPD..15.1753C},
  adsnote = {Provided by the SAO/NASA Astrophysics Data System}
}


@ARTICLE{Sahni2000,
   author = {{Sahni}, V. and {Starobinsky}, A.},
    title = "{The Case for a Positive Cosmological {$\Lambda$}-Term}",
  journal = {International Journal of Modern Physics D},
   eprint = {astro-ph/9904398},
     year = 2000,
   volume = 9,
    pages = {373-443},
      doi = {10.1142/S0218271800000542},
   adsurl = {http://adsabs.harvard.edu/abs/2000IJMPD...9..373S},
  adsnote = {Provided by the SAO/NASA Astrophysics Data System}
}


@ARTICLE{Ishak2007,
   author = {{Ishak}, M.},
    title = "{Remarks on the Formulation of the Cosmological Constant/Dark Energy Problems}",
  journal = {Foundations of Physics},
   eprint = {astro-ph/0504416},
 keywords = {Dark energy, Cosmological constant, Cosmology, Cosmic acceleration},
     year = 2007,
    month = oct,
   volume = 37,
    pages = {1470-1498},
      doi = {10.1007/s10701-007-9175-z},
   adsurl = {http://adsabs.harvard.edu/abs/2007FoPh...37.1470I},
  adsnote = {Provided by the SAO/NASA Astrophysics Data System}
}




@article{Beringer:1900zz,
      author         = "Beringer, J. and others",
      title          = "{Review of Particle Physics (RPP)}",
      collaboration  = "Particle Data Group",
      journal        = "Phys. Rev.",
      volume         = "D86",
      year           = "2012",
      pages          = "010001",
      doi            = "10.1103/PhysRevD.86.010001",
      reportNumber   = "SLAC-REPRINT-2014-001",
      SLACcitation   = "%%CITATION = PHRVA,D86,010001;%%"
}
@ARTICLE{ghosh18,
   author = {{Ghosh}, B. and {Durrer}, R. and {Sellentin}, E.},
    title = "{General Relativistic corrections in density-shear correlations}",
  journal = {ArXiv e-prints},
archivePrefix = "arXiv",
   eprint = {1801.02518},
 keywords = {Astrophysics - Cosmology and Nongalactic Astrophysics, General Relativity and Quantum Cosmology},
     year = 2018,
    month = jan,
   adsurl = {http://adsabs.harvard.edu/abs/2018arXiv180102518G},
  adsnote = {Provided by the SAO/NASA Astrophysics Data System}
}
@ARTICLE{Zumalacarregui17,
   author = {{Zumalac{\'a}rregui}, M. and {Bellini}, E. and {Sawicki}, I. and 
	{Lesgourgues}, J. and {Ferreira}, P.~G.},
    title = "{hi\_class: Horndeski in the Cosmic Linear Anisotropy Solving System}",
  journal = {\jcap},
archivePrefix = "arXiv",
   eprint = {1605.06102},
     year = 2017,
    month = aug,
   volume = 8,
      eid = {019},
    pages = {019},
      doi = {10.1088/1475-7516/2017/08/019},
   adsurl = {http://adsabs.harvard.edu/abs/2017JCAP...08..019Z},
  adsnote = {Provided by the SAO/NASA Astrophysics Data System}
}

@ARTICLE{Troxel14,
   author = {{Troxel}, M.~A. and {Ishak}, M.},
    title = "{The intrinsic alignment of galaxies and its impact on weak gravitational lensing in an era of precision cosmology}",
  journal = {\physrep},
archivePrefix = "arXiv",
   eprint = {1407.6990},
 keywords = {Weak gravitational lensing, Intrinsic alignment, Cosmology, Large-scale structure},
     year = 2015,
    month = feb,
   volume = 558,
    pages = {1-59},
      doi = {10.1016/j.physrep.2014.11.001},
   adsurl = {http://adsabs.harvard.edu/abs/2015PhR...558....1T},
  adsnote = {Provided by the SAO/NASA Astrophysics Data System}
}


@ARTICLE{krause17,
   author = {{Krause}, E. and {Eifler}, T.~F. and {Zuntz}, J. and {Friedrich}, O. and 
	{Troxel}, M.~A. and {Dodelson}, S. and {Blazek}, J. and {Secco}, L.~F. and 
	{MacCrann}, N. and {Baxter}, E. and {Chang}, C. and {Chen}, N. and 
	{Crocce}, M. and {DeRose}, J. and {Ferte}, A. and {Kokron}, N. and 
	{Lacasa}, F. and {Miranda}, V. and {Omori}, Y. and {Porredon}, A. and 
	{Rosenfeld}, R. and {Samuroff}, S. and {Wang}, M. and {Wechsler}, R.~H. and 
	{Abbott}, T.~M.~C. and {Abdalla}, F.~B. and {Allam}, S. and 
	{Annis}, J. and {Bechtol}, K. and {Benoit-Levy}, A. and {Bernstein}, G.~M. and 
	{Brooks}, D. and {Burke}, D.~L. and {Capozzi}, D. and {Carrasco Kind}, M. and 
	{Carretero}, J. and {D'Andrea}, C.~B. and {da Costa}, L.~N. and 
	{Davis}, C. and {DePoy}, D.~L. and {Desai}, S. and {Diehl}, H.~T. and 
	{Dietrich}, J.~P. and {Evrard}, A.~E. and {Flaugher}, B. and 
	{Fosalba}, P. and {Frieman}, J. and {Garcia-Bellido}, J. and 
	{Gaztanaga}, E. and {Giannantonio}, T. and {Gruen}, D. and {Gruendl}, R.~A. and 
	{Gschwend}, J. and {Gutierrez}, G. and {Honscheid}, K. and {James}, D.~J. and 
	{Jeltema}, T. and {Kuehn}, K. and {Kuhlmann}, S. and {Lahav}, O. and 
	{Lima}, M. and {Maia}, M.~A.~G. and {March}, M. and {Marshall}, J.~L. and 
	{Martini}, P. and {Menanteau}, F. and {Miquel}, R. and {Nichol}, R.~C. and 
	{Plazas}, A.~A. and {Romer}, A.~K. and {Rykoff}, E.~S. and {Sanchez}, E. and 
	{Scarpine}, V. and {Schindler}, R. and {Schubnell}, M. and {Sevilla-Noarbe}, I. and 
	{Smith}, M. and {Soares-Santos}, M. and {Sobreira}, F. and {Suchyta}, E. and 
	{Swanson}, M.~E.~C. and {Tarle}, G. and {Tucker}, D.~L. and 
	{Vikram}, V. and {Walker}, A.~R. and {Weller}, J.},
    title = "{Dark Energy Survey Year 1 Results: Multi-Probe Methodology and Simulated Likelihood Analyses}",
  journal = {ArXiv e-prints},
archivePrefix = "arXiv",
   eprint = {1706.09359},
 keywords = {Astrophysics - Cosmology and Nongalactic Astrophysics},
     year = 2017,
    month = jun,
   adsurl = {http://adsabs.harvard.edu/abs/2017arXiv170609359K},
  adsnote = {Provided by the SAO/NASA Astrophysics Data System}
}
@ARTICLE{DEScombined,
   author = {{DES Collaboration} and {Abbott}, T.~M.~C. and {Abdalla}, F.~B. and 
	{Alarcon}, A. and {Aleksi{\'c}}, J. and {Allam}, S. and {Allen}, S. and 
	{Amara}, A. and {Annis}, J. and {Asorey}, J. and {Avila}, S. and 
	{Bacon}, D. and {Balbinot}, E. and {Banerji}, M. and {Banik}, N. and 
	{Barkhouse}, W. and {Baumer}, M. and {Baxter}, E. and {Bechtol}, K. and 
	{Becker}, M.~R. and {Benoit-L{\'e}vy}, A. and {Benson}, B.~A. and 
	{Bernstein}, G.~M. and {Bertin}, E. and {Blazek}, J. and {Bridle}, S.~L. and 
	{Brooks}, D. and {Brout}, D. and {Buckley-Geer}, E. and {Burke}, D.~L. and 
	{Busha}, M.~T. and {Capozzi}, D. and {Carnero Rosell}, A. and 
	{Carrasco Kind}, M. and {Carretero}, J. and {Castander}, F.~J. and 
	{Cawthon}, R. and {Chang}, C. and {Chen}, N. and {Childress}, M. and 
	{Choi}, A. and {Conselice}, C. and {Crittenden}, R. and {Crocce}, M. and 
	{Cunha}, C.~E. and {D'Andrea}, C.~B. and {da Costa}, L.~N. and 
	{Das}, R. and {Davis}, T.~M. and {Davis}, C. and {De Vicente}, J. and 
	{DePoy}, D.~L. and {DeRose}, J. and {Desai}, S. and {Diehl}, H.~T. and 
	{Dietrich}, J.~P. and {Dodelson}, S. and {Doel}, P. and {Drlica-Wagner}, A. and 
	{Eifler}, T.~F. and {Elliott}, A.~E. and {Elsner}, F. and {Elvin-Poole}, J. and 
	{Estrada}, J. and {Evrard}, A.~E. and {Fang}, Y. and {Fernandez}, E. and 
	{Fert{\'e}}, A. and {Finley}, D.~A. and {Flaugher}, B. and {Fosalba}, P. and 
	{Friedrich}, O. and {Frieman}, J. and {Garc{\'{\i}}a-Bellido}, J. and 
	{Garcia-Fernandez}, M. and {Gatti}, M. and {Gaztanaga}, E. and 
	{Gerdes}, D.~W. and {Giannantonio}, T. and {Gill}, M.~S.~S. and 
	{Glazebrook}, K. and {Goldstein}, D.~A. and {Gruen}, D. and 
	{Gruendl}, R.~A. and {Gschwend}, J. and {Gutierrez}, G. and 
	{Hamilton}, S. and {Hartley}, W.~G. and {Hinton}, S.~R. and 
	{Honscheid}, K. and {Hoyle}, B. and {Huterer}, D. and {Jain}, B. and 
	{James}, D.~J. and {Jarvis}, M. and {Jeltema}, T. and {Johnson}, M.~D. and 
	{Johnson}, M.~W.~G. and {Kacprzak}, T. and {Kent}, S. and {Kim}, A.~G. and 
	{King}, A. and {Kirk}, D. and {Kokron}, N. and {Kovacs}, A. and 
	{Krause}, E. and {Krawiec}, C. and {Kremin}, A. and {Kuehn}, K. and 
	{Kuhlmann}, S. and {Kuropatkin}, N. and {Lacasa}, F. and {Lahav}, O. and 
	{Li}, T.~S. and {Liddle}, A.~R. and {Lidman}, C. and {Lima}, M. and 
	{Lin}, H. and {MacCrann}, N. and {Maia}, M.~A.~G. and {Makler}, M. and 
	{Manera}, M. and {March}, M. and {Marshall}, J.~L. and {Martini}, P. and 
	{McMahon}, R.~G. and {Melchior}, P. and {Menanteau}, F. and 
	{Miquel}, R. and {Miranda}, V. and {Mudd}, D. and {Muir}, J. and 
	{M{\"o}ller}, A. and {Neilsen}, E. and {Nichol}, R.~C. and {Nord}, B. and 
	{Nugent}, P. and {Ogando}, R.~L.~C. and {Palmese}, A. and {Peacock}, J. and 
	{Peiris}, H.~V. and {Peoples}, J. and {Percival}, W.~J. and 
	{Petravick}, D. and {Plazas}, A.~A. and {Porredon}, A. and {Prat}, J. and 
	{Pujol}, A. and {Rau}, M.~M. and {Refregier}, A. and {Ricker}, P.~M. and 
	{Roe}, N. and {Rollins}, R.~P. and {Romer}, A.~K. and {Roodman}, A. and 
	{Rosenfeld}, R. and {Ross}, A.~J. and {Rozo}, E. and {Rykoff}, E.~S. and 
	{Sako}, M. and {Salvador}, A.~I. and {Samuroff}, S. and {S{\'a}nchez}, C. and 
	{Sanchez}, E. and {Santiago}, B. and {Scarpine}, V. and {Schindler}, R. and 
	{Scolnic}, D. and {Secco}, L.~F. and {Serrano}, S. and {Sevilla-Noarbe}, I. and 
	{Sheldon}, E. and {Smith}, R.~C. and {Smith}, M. and {Smith}, J. and 
	{Soares-Santos}, M. and {Sobreira}, F. and {Suchyta}, E. and 
	{Tarle}, G. and {Thomas}, D. and {Troxel}, M.~A. and {Tucker}, D.~L. and 
	{Tucker}, B.~E. and {Uddin}, S.~A. and {Varga}, T.~N. and {Vielzeuf}, P. and 
	{Vikram}, V. and {Vivas}, A.~K. and {Walker}, A.~R. and {Wang}, M. and 
	{Wechsler}, R.~H. and {Weller}, J. and {Wester}, W. and {Wolf}, R.~C. and 
	{Yanny}, B. and {Yuan}, F. and {Zenteno}, A. and {Zhang}, B. and 
	{Zhang}, Y. and {Zuntz}, J.},
    title = "{Dark Energy Survey Year 1 Results: Cosmological Constraints from Galaxy Clustering and Weak Lensing}",
  journal = {ArXiv e-prints},
archivePrefix = "arXiv",
   eprint = {1708.01530},
 keywords = {Astrophysics - Cosmology and Nongalactic Astrophysics},
     year = 2017,
    month = aug,
   adsurl = {http://adsabs.harvard.edu/abs/2017arXiv170801530D},
  adsnote = {Provided by the SAO/NASA Astrophysics Data System}
}

@ARTICLE{vanUitert18,
   author = {{van Uitert}, E. and {Joachimi}, B. and {Joudaki}, S. and {Amon}, A. and 
	{Heymans}, C. and {K{\"o}hlinger}, F. and {Asgari}, M. and {Blake}, C. and 
	{Choi}, A. and {Erben}, T. and {Farrow}, D.~J. and {Harnois-D{\'e}raps}, J. and 
	{Hildebrandt}, H. and {Hoekstra}, H. and {Kitching}, T.~D. and 
	{Klaes}, D. and {Kuijken}, K. and {Merten}, J. and {Miller}, L. and 
	{Nakajima}, R. and {Schneider}, P. and {Valentijn}, E. and {Viola}, M.
	},
    title = "{KiDS+GAMA: Cosmology constraints from a joint analysis of cosmic shear, galaxy-galaxy lensing and angular clustering}",
  journal = {\mnras},
archivePrefix = "arXiv",
   eprint = {1706.05004},
 keywords = {large-scale structure of Universe, methods: statistical, methods: data analysis},
     year = 2018,
    month = mar,
      doi = {10.1093/mnras/sty551},
   adsurl = {http://adsabs.harvard.edu/abs/2018MNRAS.tmp..592V},
  adsnote = {Provided by the SAO/NASA Astrophysics Data System}
}

@ARTICLE{Joudaki18,
   author = {{Joudaki}, S. and {Blake}, C. and {Johnson}, A. and {Amon}, A. and 
	{Asgari}, M. and {Choi}, A. and {Erben}, T. and {Glazebrook}, K. and 
	{Harnois-D{\'e}raps}, J. and {Heymans}, C. and {Hildebrandt}, H. and 
	{Hoekstra}, H. and {Klaes}, D. and {Kuijken}, K. and {Lidman}, C. and 
	{Mead}, A. and {Miller}, L. and {Parkinson}, D. and {Poole}, G.~B. and 
	{Schneider}, P. and {Viola}, M. and {Wolf}, C.},
    title = "{KiDS-450 + 2dFLenS: Cosmological parameter constraints from weak gravitational lensing tomography and overlapping redshift-space galaxy clustering}",
  journal = {\mnras},
archivePrefix = "arXiv",
   eprint = {1707.06627},
 keywords = {surveys, large-scale structure of Universe, cosmology: observations},
     year = 2018,
    month = mar,
   volume = 474,
    pages = {4894-4924},
      doi = {10.1093/mnras/stx2820},
   adsurl = {http://adsabs.harvard.edu/abs/2018MNRAS.474.4894J},
  adsnote = {Provided by the SAO/NASA Astrophysics Data System}
}

@ARTICLE{Weinberg13,
   author = {{Weinberg}, D.~H. and {Mortonson}, M.~J. and {Eisenstein}, D.~J. and 
	{Hirata}, C. and {Riess}, A.~G. and {Rozo}, E.},
    title = "{Observational probes of cosmic acceleration}",
  journal = {\physrep},
archivePrefix = "arXiv",
   eprint = {1201.2434},
     year = 2013,
    month = sep,
   volume = 530,
    pages = {87-255},
      doi = {10.1016/j.physrep.2013.05.001},
   adsurl = {http://adsabs.harvard.edu/abs/2013PhR...530...87W},
  adsnote = {Provided by the SAO/NASA Astrophysics Data System}
}

@ARTICLE{Blazek17,
   author = {{Blazek}, J. and {MacCrann}, N. and {Troxel}, M.~A. and {Fang}, X.
	},
    title = "{Beyond linear galaxy alignments}",
  journal = {ArXiv e-prints},
archivePrefix = "arXiv",
   eprint = {1708.09247},
 keywords = {Astrophysics - Cosmology and Nongalactic Astrophysics, Astrophysics - Astrophysics of Galaxies},
     year = 2017,
    month = aug,
   adsurl = {http://adsabs.harvard.edu/abs/2017arXiv170809247B},
  adsnote = {Provided by the SAO/NASA Astrophysics Data System}
}

@ARTICLE{Alonso15,
   author = {{Alonso}, D. and {Ferreira}, P.~G.},
    title = "{Constraining ultralarge-scale cosmology with multiple tracers in optical and radio surveys}",
  journal = {\prd},
archivePrefix = "arXiv",
   eprint = {1507.03550},
 keywords = {Cosmology, Observational cosmology, Mathematical and relativistic aspects of cosmology},
     year = 2015,
    month = sep,
   volume = 92,
   number = 6,
      eid = {063525},
    pages = {063525},
      doi = {10.1103/PhysRevD.92.063525},
   adsurl = {http://adsabs.harvard.edu/abs/2015PhRvD..92f3525A},
  adsnote = {Provided by the SAO/NASA Astrophysics Data System}
}

@ARTICLE{DESCWhite,
   author = {{LSST Dark Energy Science Collaboration}},
    title = "{Large Synoptic Survey Telescope: Dark Energy Science Collaboration}",
  journal = {ArXiv e-prints},
archivePrefix = "arXiv",
   eprint = {1211.0310},
 primaryClass = "astro-ph.CO",
 keywords = {Astrophysics - Cosmology and Extragalactic Astrophysics, High Energy Physics - Experiment},
     year = 2012,
    month = nov,
   adsurl = {http://adsabs.harvard.edu/abs/2012arXiv1211.0310L},
  adsnote = {Provided by the SAO/NASA Astrophysics Data System}
}


@ARTICLE{Laureijs11,
   author = {{Laureijs}, R. and {Amiaux}, J. and {Arduini}, S. and {Augu{\`e}res}, J.~-. and 
	{Brinchmann}, J. and {Cole}, R. and {Cropper}, M. and {Dabin}, C. and 
	{Duvet}, L. and {Ealet}, A. and et al.},
    title = "{Euclid Definition Study Report}",
  journal = {ArXiv e-prints},
archivePrefix = "arXiv",
   eprint = {1110.3193},
 primaryClass = "astro-ph.CO",
 keywords = {Astrophysics - Cosmology and Extragalactic Astrophysics, Astrophysics - Galaxy Astrophysics},
     year = 2011,
    month = oct,
   adsurl = {http://adsabs.harvard.edu/abs/2011arXiv1110.3193L},
  adsnote = {Provided by the SAO/NASA Astrophysics Data System}
}


@ARTICLE{green11,
   author = {{Green}, J. and {Schechter}, P. and {Baltay}, C. and {Bean}, R. and 
	{Bennett}, D. and {Brown}, R. and {Conselice}, C. and {Donahue}, M. and 
	{Gaudi}, S. and {Lauer}, T. and {Perlmutter}, S. and {Rauscher}, B. and 
	{Rhodes}, J. and {Roellig}, T. and {Stern}, D. and {Sumi}, T. and 
	{Tanner}, A. and {Wang}, Y. and {Wright}, E. and {Gehrels}, N. and 
	{Sambruna}, R. and {Traub}, W.},
    title = "{Wide-Field InfraRed Survey Telescope (WFIRST) Interim Report}",
  journal = {ArXiv e-prints},
archivePrefix = "arXiv",
   eprint = {1108.1374},
 primaryClass = "astro-ph.IM",
 keywords = {Astrophysics - Instrumentation and Methods for Astrophysics},
     year = 2011,
    month = aug,
   adsurl = {http://adsabs.harvard.edu/abs/2011arXiv1108.1374G},
  adsnote = {Provided by the SAO/NASA Astrophysics Data System}
}

@ARTICLE{Krause15,
   author = {{Krause}, E. and {Eifler}, T. and {Blazek}, J.},
    title = "{The impact of intrinsic alignment on current and future cosmic shear surveys}",
  journal = {\mnras},
archivePrefix = "arXiv",
   eprint = {1506.08730},
 keywords = {cosmology: theory},
     year = 2016,
    month = feb,
   volume = 456,
    pages = {207-222},
      doi = {10.1093/mnras/stv2615},
   adsurl = {http://adsabs.harvard.edu/abs/2016MNRAS.456..207K},
  adsnote = {Provided by the SAO/NASA Astrophysics Data System}
}

@ARTICLE{Kitching17,
   author = {{Kitching}, T.~D. and {Alsing}, J. and {Heavens}, A.~F. and 
  {Jimenez}, R. and {McEwen}, J.~D. and {Verde}, L.},
    title = "{The limits of cosmic shear}",
  journal = {\mnras},
archivePrefix = "arXiv",
   eprint = {1611.04954},
 keywords = {large-scale structure of Universe, cosmology: theory},
     year = 2017,
    month = aug,
   volume = 469,
    pages = {2737-2749},
      doi = {10.1093/mnras/stx1039},
   adsurl = {http://adsabs.harvard.edu/abs/2017MNRAS.469.2737K},
  adsnote = {Provided by the SAO/NASA Astrophysics Data System}
}

@ARTICLE{Peacock2000,
   author = {{Peacock}, J.~A. and {Smith}, R.~E.},
    title = "{Halo occupation numbers and galaxy bias}",
  journal = {\mnras},
   eprint = {astro-ph/0005010},
 keywords = {GALAXIES: CLUSTERS: GENERAL, COSMOLOGY: THEORY, LARGE-SCALE STRUCTURE OF UNIVERSE},
     year = 2000,
    month = nov,
   volume = 318,
    pages = {1144-1156},
      doi = {10.1046/j.1365-8711.2000.03779.x},
   adsurl = {http://adsabs.harvard.edu/abs/2000MNRAS.318.1144P},
  adsnote = {Provided by the SAO/NASA Astrophysics Data System}
}

@ARTICLE{2016JCAP...09..015M,
   author = {{McEwen}, J.~E. and {Fang}, X. and {Hirata}, C.~M. and {Blazek}, J.~A.
	},
    title = "{FAST-PT: a novel algorithm to calculate convolution integrals in cosmological perturbation theory}",
  journal = {\jcap},
archivePrefix = "arXiv",
   eprint = {1603.04826},
     year = 2016,
    month = sep,
   volume = 9,
      eid = {015},
    pages = {015},
      doi = {10.1088/1475-7516/2016/09/015},
   adsurl = {http://adsabs.harvard.edu/abs/2016JCAP...09..015M},
  adsnote = {Provided by the SAO/NASA Astrophysics Data System}
}

@ARTICLE{1967ApJ...147...73S,
   author = {{Sachs}, R.~K. and {Wolfe}, A.~M.},
    title = "{Perturbations of a Cosmological Model and Angular Variations of the Microwave Background}",
  journal = {\apj},
     year = 1967,
    month = jan,
   volume = 147,
    pages = {73},
      doi = {10.1086/148982},
   adsurl = {http://adsabs.harvard.edu/abs/1967ApJ...147...73S},
  adsnote = {Provided by the SAO/NASA Astrophysics Data System}
}

@ARTICLE{2017ApJ...845...28C,
   author = {{Campagne}, J.-E. and {Plaszczynski}, S. and {Neveu}, J.},
    title = "{The Galaxy Count Correlation Function in Redshift Space Revisited}",
  journal = {\apj},
archivePrefix = "arXiv",
   eprint = {1703.02818},
 keywords = {cosmology: theory, large-scale structure of universe, methods: numerical},
     year = 2017,
    month = aug,
   volume = 845,
      eid = {28},
    pages = {28},
      doi = {10.3847/1538-4357/aa7cf8},
   adsurl = {http://adsabs.harvard.edu/abs/2017ApJ...845...28C},
  adsnote = {Provided by the SAO/NASA Astrophysics Data System}
}

@ARTICLE{2004MNRAS.350..914C,
   author = {{Chon}, G. and {Challinor}, A. and {Prunet}, S. and {Hivon}, E. and 
	{Szapudi}, I.},
    title = "{Fast estimation of polarization power spectra using correlation functions}",
  journal = {\mnras},
   eprint = {astro-ph/0303414},
 keywords = {methods: analytical:, methods: numerical, cosmic microwave background},
     year = 2004,
    month = may,
   volume = 350,
    pages = {914-926},
      doi = {10.1111/j.1365-2966.2004.07737.x},
   adsurl = {http://adsabs.harvard.edu/abs/2004MNRAS.350..914C},
  adsnote = {Provided by the SAO/NASA Astrophysics Data System}
}

@ARTICLE{2017PhRvD..95f3522K,
   author = {{Kitching}, T.~D. and {Heavens}, A.~F.},
    title = "{Unequal-time correlators for cosmology}",
  journal = {\prd},
archivePrefix = "arXiv",
   eprint = {1612.00770},
     year = 2017,
    month = mar,
   volume = 95,
   number = 6,
      eid = {063522},
    pages = {063522},
      doi = {10.1103/PhysRevD.95.063522},
   adsurl = {http://adsabs.harvard.edu/abs/2017PhRvD..95f3522K},
  adsnote = {Provided by the SAO/NASA Astrophysics Data System}
}

@ARTICLE{2009JCAP...08..020M,
   author = {{McDonald}, P. and {Roy}, A.},
    title = "{Clustering of dark matter tracers: generalizing bias for the coming era of precision LSS}",
  journal = {\jcap},
archivePrefix = "arXiv",
   eprint = {0902.0991},
 primaryClass = "astro-ph.CO",
     year = 2009,
    month = aug,
   volume = 8,
      eid = {020},
    pages = {020},
      doi = {10.1088/1475-7516/2009/08/020},
   adsurl = {http://adsabs.harvard.edu/abs/2009JCAP...08..020M},
  adsnote = {Provided by the SAO/NASA Astrophysics Data System}
}

@ARTICLE{Castorina15,
   author = {{Castorina}, E. and {Carbone}, C. and {Bel}, J. and {Sefusatti}, E. and 
	{Dolag}, K.},
    title = "{DEMNUni: the clustering of large-scale structures in the presence of massive neutrinos}",
  journal = {\jcap},
archivePrefix = "arXiv",
   eprint = {1505.07148},
     year = 2015,
    month = jul,
   volume = 7,
      eid = {043},
    pages = {043},
      doi = {10.1088/1475-7516/2015/07/043},
   adsurl = {http://adsabs.harvard.edu/abs/2015JCAP...07..043C},
  adsnote = {Provided by the SAO/NASA Astrophysics Data System}
}

@ARTICLE{Upadhye14,
   author = {{Upadhye}, A. and {Biswas}, R. and {Pope}, A. and {Heitmann}, K. and 
	{Habib}, S. and {Finkel}, H. and {Frontiere}, N.},
    title = "{Large-scale structure formation with massive neutrinos and dynamical dark energy}",
  journal = {\prd},
archivePrefix = "arXiv",
   eprint = {1309.5872},
 keywords = {Cosmology, Superclusters, large-scale structure of the Universe, Neutrino mass and mixing, Dark energy},
     year = 2014,
    month = may,
   volume = 89,
   number = 10,
      eid = {103515},
    pages = {103515},
      doi = {10.1103/PhysRevD.89.103515},
   adsurl = {http://adsabs.harvard.edu/abs/2014PhRvD..89j3515U},
  adsnote = {Provided by the SAO/NASA Astrophysics Data System}
}

@ARTICLE{Heitmann16,
   author = {{Heitmann}, K. and {Bingham}, D. and {Lawrence}, E. and {Bergner}, S. and 
	{Habib}, S. and {Higdon}, D. and {Pope}, A. and {Biswas}, R. and 
	{Finkel}, H. and {Frontiere}, N. and {Bhattacharya}, S.},
    title = "{The Mira-Titan Universe: Precision Predictions for Dark Energy Surveys}",
  journal = {\apj},
archivePrefix = "arXiv",
   eprint = {1508.02654},
 keywords = {large-scale structure of universe, methods: statistical},
     year = 2016,
    month = apr,
   volume = 820,
      eid = {108},
    pages = {108},
      doi = {10.3847/0004-637X/820/2/108},
   adsurl = {http://adsabs.harvard.edu/abs/2016ApJ...820..108H},
  adsnote = {Provided by the SAO/NASA Astrophysics Data System}
}

@ARTICLE{Lawrence17,
    author = {{Lawrence}, E. and {Heitmann}, K. and {Kwan}, J. and {Upadhye}, A. and
 	{Bingham}, D. and {Habib}, S. and {Higdon}, D. and {Pope}, A. and
 	{Finkel}, H. and {Frontiere}, N.},
    title = "{The Mira-Titan Universe. II. Matter Power Spectrum Emulation}",
   journal = {\apj},
 archivePrefix = "arXiv",
    eprint = {1705.03388},
  keywords = {dark energy, large-scale structure of universe },
      year = 2017,
     month = sep,
    volume = 847,
       eid = {50},
     pages = {50},
       doi = {10.3847/1538-4357/aa86a9},
    adsurl = {http://adsabs.harvard.edu/abs/2017ApJ...847...50L},
   adsnote = {Provided by the SAO/NASA Astrophysics Data System}
 }

@article{vanDaalen11,
        Adsnote = {Provided by the SAO/NASA Astrophysics Data System},
        Adsurl = {http://adsabs.harvard.edu/abs/2011MNRAS.415.3649V},
        Archiveprefix = {arXiv},
        Author = {{van Daalen}, M.~P. and {Schaye}, J. and {Booth}, C.~M. and {Dalla Vecchia}, C.},
        Doi = {10.1111/j.1365-2966.2011.18981.x},
        Eprint = {1104.1174},
        Journal = {\mnras},
        Keywords = {gravitational lensing: weak, surveys, galaxies: formation, cosmology: theory, large-scale structure of Universe},
        Month = aug,
	Pages = {3649-3665},
        Primaryclass = {astro-ph.CO},
        Title = {{The effects of galaxy formation on the matter power spectrum: a challenge for precision cosmology}},
        Volume = 415,
        Year = 2011,
	Bdsk-Url-1 = {http://dx.doi.org/10.1111/j.1365-2966.2011.18981.x}}

@article{Springel17,
        Adsnote = {Provided by the SAO/NASA Astrophysics Data System},
        Adsurl = {http://adsabs.harvard.edu/abs/2017arXiv170703397S},
        Archiveprefix = {arXiv},
        Author = {{Springel}, V. and {Pakmor}, R. and {Pillepich}, A. and {Weinberger}, R. and {Nelson}, D. and {Hernquist}, L. and {Vogelsberger}, M. and {Genel}, S. and {Torrey}, P. and {Marinacci}, F. and {Naiman}, J.},
        Eprint = {1707.03397},
        Journal = {ArXiv e-prints},
        Keywords = {Astrophysics - Astrophysics of Galaxies, Astrophysics - Cosmology and Nongalactic Astrophysics},
	Month = jul,
        Title = {{First results from the IllustrisTNG simulations: matter and galaxy clustering}},
        Year = 2017}

@article{Mohammed14,
        Adsnote = {Provided by the SAO/NASA Astrophysics Data System},
        Adsurl = {http://adsabs.harvard.edu/abs/2014MNRAS.445.3382M},
        Archiveprefix = {arXiv},
        Author = {{Mohammed}, I. and {Seljak}, U.},
        Doi = {10.1093/mnras/stu1972},
        Eprint = {1407.0060},
        Journal = {\mnras},
	Keywords = {neutrinos, methods: analytical, galaxies: haloes, galaxies: statistics, cosmological parameters, large scale structures of Universe},
        Month = dec,
        Pages = {3382-3400},
        Title = {{Analytic model for the matter power spectrum, its covariance matrix and baryonic effects}},
        Volume = 445,
	Year = 2014,
        Bdsk-Url-1 = {http://dx.doi.org/10.1093/mnras/stu1972}}

@article{Mohammed17,
        Adsnote = {Provided by the SAO/NASA Astrophysics Data System},
        Adsurl = {http://adsabs.harvard.edu/abs/2017arXiv170702332M},
        Archiveprefix = {arXiv},
        Author = {{Mohammed}, I. and {Gnedin}, N.~Y.},
        Eprint = {1707.02332},
        Journal = {ArXiv e-prints},
        Keywords = {Astrophysics - Cosmology and Nongalactic Astrophysics},
        Month = jul,
        Title = {{Baryonic effects in cosmic shear tomography: PCA parametrization and importance of extreme baryonic models}},
        Year = 2017}

@article{Hellwing16,
        Adsnote = {Provided by the SAO/NASA Astrophysics Data System},
        Adsurl = {http://adsabs.harvard.edu/abs/2016MNRAS.461L..11H},
        Archiveprefix = {arXiv},
        Author = {{Hellwing}, W.~A. and {Schaller}, M. and {Frenk}, C.~S. and {Theuns}, T. and {Schaye}, J. and {Bower}, R.~G. and {Crain}, R.~A.},
        Doi = {10.1093/mnrasl/slw081},
        Eprint = {1603.03328},
        Journal = {\mnras},
        Keywords = {galaxies: haloes, cosmology: theory, dark matter},
        Month = sep,
        Pages = {L11-L15},
        Title = {{The effect of baryons on redshift space distortions and cosmic density and velocity fields in the EAGLE simulation}},
        Volume = 461,
        Year = 2016,
        Bdsk-Url-1 = {http://dx.doi.org/10.1093/mnrasl/slw081}}
@article{Eifler15,
        Adsnote = {Provided by the SAO/NASA Astrophysics Data System},
        Adsurl = {http://adsabs.harvard.edu/abs/2015MNRAS.454.2451E},
        Archiveprefix = {arXiv},
        Author = {{Eifler}, T. and {Krause}, E. and {Dodelson}, S. and {Zentner}, A.~R. and {Hearin}, A.~P. and {Gnedin}, N.~Y.},
        Doi = {10.1093/mnras/stv2000},
        Eprint = {1405.7423},
        Journal = {\mnras},
        Keywords = {cosmological parameters, cosmology: theory, large-scale structure of Universe},
        Month = dec,
        Pages = {2451-2471},
        Title = {{Accounting for baryonic effects in cosmic shear tomography: determining a minimal set of nuisance parameters using PCA}},
        Volume = 454,
        Year = 2015,
        Bdsk-Url-1 = {http://dx.doi.org/10.1093/mnras/stv2000}}

@article{Semboloni13,
        Adsnote = {Provided by the SAO/NASA Astrophysics Data System},
        Adsurl = {http://adsabs.harvard.edu/abs/2013MNRAS.434..148S},
        Archiveprefix = {arXiv},
        Author = {{Semboloni}, E. and {Hoekstra}, H. and {Schaye}, J.},
        Doi = {10.1093/mnras/stt1013},
        Eprint = {1210.7303},
        Journal = {\mnras},
        Keywords = {gravitational lensing: weak, surveys, galaxies: formation, cosmological parameters, cosmology: theory, large-scale structure of Universe},
        Month = sep,
        Pages = {148-162},
        Title = {{Effect of baryonic feedback on two- and three-point shear statistics: prospects for detection and improved modelling}},
        Volume = 434,
        Year = 2013,
        Bdsk-Url-1 = {http://dx.doi.org/10.1093/mnras/stt1013}}

@article{Semboloni11,
        Adsnote = {Provided by the SAO/NASA Astrophysics Data System},
        Adsurl = {http://adsabs.harvard.edu/abs/2011MNRAS.417.2020S},
        Archiveprefix = {arXiv},
        Author = {{Semboloni}, E. and {Hoekstra}, H. and {Schaye}, J. and {van Daalen}, M.~P. and {McCarthy}, I.~G.},
        Doi = {10.1111/j.1365-2966.2011.19385.x},
        Eprint = {1105.1075},
        Journal = {\mnras},
        Keywords = {gravitational lensing: weak, surveys, cosmological parameters, cosmology: theory, dark energy, large-scale structure of Universe},
        Month = nov,
        Pages = {2020-2035},
        Title = {{Quantifying the effect of baryon physics on weak lensing tomography}},
        Volume = 417,
        Year = 2011,
        Bdsk-Url-1 = {http://dx.doi.org/10.1111/j.1365-2966.2011.19385.x}}

@article{Illustris,
        Adsnote = {Provided by the SAO/NASA Astrophysics Data System},
        Adsurl = {http://adsabs.harvard.edu/abs/2014Natur.509..177V},
        Archiveprefix = {arXiv},
        Author = {{Vogelsberger}, M. and {Genel}, S. and {Springel}, V. and {Torrey}, P. and {Sijacki}, D. and {Xu}, D. and {Snyder}, G. and {Bird}, S. and {Nelson}, D. and {Hernquist}, L.},
        Doi = {10.1038/nature13316},
        Eprint = {1405.1418},
        Journal = {\nat},
        Month = may,
        Pages = {177-182},
        Title = {{Properties of galaxies reproduced by a hydrodynamic simulation}},
        Volume = 509,
	Year = 2014,
        Bdsk-Url-1 = {http://dx.doi.org/10.1038/nature13316}}


@ARTICLE{2008A&A...477...43J,
   author = {{Joachimi}, B. and {Schneider}, P. and {Eifler}, T.},
    title = "{Analysis of two-point statistics of cosmic shear. III. Covariances of shear measures made easy}",
  journal = {\aap},
archivePrefix = "arXiv",
   eprint = {0708.0387},
 keywords = {cosmology: theory, gravitational lensing, large-scale structure of Universe, methods: statistical},
     year = 2008,
    month = jan,
   volume = 477,
    pages = {43-54},
      doi = {10.1051/0004-6361:20078400},
   adsurl = {http://adsabs.harvard.edu/abs/2008A%26A...477...43J},
  adsnote = {Provided by the SAO/NASA Astrophysics Data System}
}

@ARTICLE{Singh15,
   author = {{Singh}, S. and {Mandelbaum}, R. and {More}, S.},
    title = "{Intrinsic alignments of SDSS-III BOSS LOWZ sample galaxies}",
  journal = {\mnras},
archivePrefix = "arXiv",
   eprint = {1411.1755},
 keywords = {gravitational lensing: weak, galaxies: evolution, cosmology: observations, large-scale structure of Universe},
     year = 2015,
    month = jun,
   volume = 450,
    pages = {2195-2216},
      doi = {10.1093/mnras/stv778},
   adsurl = {http://adsabs.harvard.edu/abs/2015MNRAS.450.2195S},
  adsnote = {Provided by the SAO/NASA Astrophysics Data System}
}


@ARTICLE{GReffects,
   author = {{Alonso}, D. and {Bull}, P. and {Ferreira}, P.~G. and {Maartens}, R. and {Santos}, M.~G.},
    title = "{Ultra-large-scale Cosmology in Next-generation Experiments with Single Tracers}",
  journal = {ApJ},
archivePrefix = "arXiv",
   eprint = {1505.07596},
 keywords = {large-scale structure of universe},
     year = 2015,
    month = dec,
   volume = 814,
      eid = {145},
    pages = {145},
      doi = {10.1088/0004-637X/814/2/145},
   adsurl = {http://adsabs.harvard.edu/abs/2015ApJ...814..145A},
  adsnote = {Provided by the SAO/NASA Astrophysics Data System}
}

@ARTICLE{Linder03,
   author = {{Linder}, E.~V.},
    title = "{Exploring the Expansion History of the Universe}",
  journal = {Physical Review Letters},
   eprint = {astro-ph/0208512},
 keywords = {Cosmology, Gravity in more than four dimensions Kaluza-Klein theory unified field theories, alternative theories of gravity},
     year = 2003,
    month = mar,
   volume = 90,
   number = 9,
      eid = {091301},
    pages = {091301},
      doi = {10.1103/PhysRevLett.90.091301},
   adsurl = {http://adsabs.harvard.edu/abs/2003PhRvL..90i1301L},
  adsnote = {Provided by the SAO/NASA Astrophysics Data System}
}

@ARTICLE{Chevallier01,
   author = {{Chevallier}, M. and {Polarski}, D.},
    title = "{Accelerating Universes with Scaling Dark Matter}",
  journal = {International Journal of Modern Physics D},
   eprint = {gr-qc/0009008},
     year = 2001,
   volume = 10,
    pages = {213-223},
      doi = {10.1142/S0218271801000822},
   adsurl = {http://adsabs.harvard.edu/abs/2001IJMPD..10..213C},
  adsnote = {Provided by the SAO/NASA Astrophysics Data System}
}

@ARTICLE{Bartelmann01,
   author = {{Bartelmann}, M. and {Schneider}, P.},
    title = "{Weak gravitational lensing}",
  journal = {\physrep},
   eprint = {astro-ph/9912508},
     year = 2001,
    month = jan,
   volume = 340,
    pages = {291-472},
      doi = {10.1016/S0370-1573(00)00082-X},
   adsurl = {http://adsabs.harvard.edu/abs/2001PhR...340..291B},
  adsnote = {Provided by the SAO/NASA Astrophysics Data System}
}

@ARTICLE{Joachimi10,
   author = {{Joachimi}, B. and {Bridle}, S.~L.},
    title = "{Simultaneous measurement of cosmology and intrinsic alignments using joint cosmic shear and galaxy number density correlations}",
  journal = {\aap},
archivePrefix = "arXiv",
   eprint = {0911.2454},
 keywords = {cosmology: theory, gravitational lensing: weak, large-scale structure of the Universe, cosmological parameters, methods: data analysis},
     year = 2010,
    month = nov,
   volume = 523,
      eid = {A1},
    pages = {A1},
      doi = {10.1051/0004-6361/200913657},
   adsurl = {http://adsabs.harvard.edu/abs/2010A%26A...523A...1J},
  adsnote = {Provided by the SAO/NASA Astrophysics Data System}
}


@ARTICLE{Hildebrandt17,
   author = {{Hildebrandt}, H. and {Viola}, M. and {Heymans}, C. and {Joudaki}, S. and 
{Kuijken}, K. and {Blake}, C. and {Erben}, T. and {Joachimi}, B. and 
{Klaes}, D. and {Miller}, L. and {Morrison}, C.~B. and {Nakajima}, R. and 
{Verdoes Kleijn}, G. and {Amon}, A. and {Choi}, A. and {Covone}, G. and 
{de Jong}, J.~T.~A. and {Dvornik}, A. and {Fenech Conti}, I. and 
{Grado}, A. and {Harnois-D{\'e}raps}, J. and {Herbonnet}, R. and 
{Hoekstra}, H. and {K{\"o}hlinger}, F. and {McFarland}, J. and 
{Mead}, A. and {Merten}, J. and {Napolitano}, N. and {Peacock}, J.~A. and 
{Radovich}, M. and {Schneider}, P. and {Simon}, P. and {Valentijn}, E.~A. and 
{van den Busch}, J.~L. and {van Uitert}, E. and {Van Waerbeke}, L.
},
 title = "{KiDS-450: cosmological parameter constraints from tomographic weak gravitational lensing}",
  journal = {\mnras},
archivePrefix = "arXiv",
   eprint = {1606.05338},
 keywords = {gravitational lensing: weak, surveys, galaxies: photometry, cosmology: observations},
     year = 2017,
    month = feb,
   volume = 465,
    pages = {1454-1498},
      doi = {10.1093/mnras/stw2805},
   adsurl = {http://adsabs.harvard.edu/abs/2017MNRAS.465.1454H},
  adsnote = {Provided by the SAO/NASA Astrophysics Data System}
}



@ARTICLE{Kilbinger2017,
   author = {{Kilbinger}, M. and {Heymans}, C. and {Asgari}, M. and {Joudaki}, S. and
{Schneider}, P. and {Simon}, P. and {Van Waerbeke}, L. and {Harnois-D{\'e}raps}, J. and
{Hildebrandt}, H. and {K{\"o}hlinger}, F. and {Kuijken}, K. and
{Viola}, M.},
    title = "{Precision calculations of the cosmic shear power spectrum projection}",
  journal = {ArXiv e-prints},
archivePrefix = "arXiv",
   eprint = {1702.05301},
 keywords = {Astrophysics - Cosmology and Nongalactic Astrophysics},
     year = 2017,
    month = feb,
   adsurl = {http://adsabs.harvard.edu/abs/2017arXiv170205301K},
  adsnote = {Provided by the SAO/NASA Astrophysics Data System}
}

@ARTICLE{Castro2005,
   author = {{Castro}, P.~G. and {Heavens}, A.~F. and {Kitching}, T.~D.},
    title = "{Weak lensing analysis in three dimensions}",
  journal = {\prd},
   eprint = {astro-ph/0503479},
 keywords = {Dark matter, Background radiations},
     year = 2005,
    month = jul,
   volume = 72,
   number = 2,
      eid = {023516},
    pages = {023516},
      doi = {10.1103/PhysRevD.72.023516},
   adsurl = {http://adsabs.harvard.edu/abs/2005PhRvD..72b3516C},
  adsnote = {Provided by the SAO/NASA Astrophysics Data System}
}
@ARTICLE{Hu1997,
   author = {{Hu}, W. and {White}, M.},
    title = "{CMB anisotropies: Total angular momentum method}",
  journal = {\prd},
   eprint = {astro-ph/9702170},
 keywords = {Background radiations, Observational cosmology},
     year = 1997,
    month = jul,
   volume = 56,
    pages = {596-615},
      doi = {10.1103/PhysRevD.56.596},
   adsurl = {http://adsabs.harvard.edu/abs/1997PhRvD..56..596H},
  adsnote = {Provided by the SAO/NASA Astrophysics Data System}
}


@ARTICLE{Putter2010,
   author = {{de Putter}, R. and {Takada}, M.},
    title = "{Halo-galaxy lensing: A full sky approach}",
  journal = {\prd},
archivePrefix = "arXiv",
   eprint = {1007.4809},
 primaryClass = "astro-ph.CO",
 keywords = {Galaxy groups clusters and superclusters, large scale structure of the Universe, Gravitational lenses and luminous arcs, Cosmology, Observational cosmology},
     year = 2010,
    month = nov,
   volume = 82,
   number = 10,
      eid = {103522},
    pages = {103522},
      doi = {10.1103/PhysRevD.82.103522},
   adsurl = {http://adsabs.harvard.edu/abs/2010PhRvD..82j3522D},
  adsnote = {Provided by the SAO/NASA Astrophysics Data System}
}


@article{Talman2009,
title = "NumSBT: A subroutine for calculating spherical Bessel transforms numerically",
journal = "Computer Physics Communications",
volume = "180",
number = "2",
pages = "332 - 338",
year = "2009",
note = "",
issn = "0010-4655",
doi = "http://dx.doi.org/10.1016/j.cpc.2008.10.003",
url = "http://www.sciencedirect.com/science/article/pii/S0010465508003329",
author = "J.D. Talman",
keywords = "Fourier transforms",
keywords = "Spherical Bessel functions",
keywords = "Hankel transforms"
}

@ARTICLE{Hamilton2000,
   author = {{Hamilton}, A.~J.~S.},
    title = "{Uncorrelated modes of the non-linear power spectrum}",
  journal = {\mnras},
   eprint = {astro-ph/9905191},
 keywords = {COSMOLOGY: THEORY, LARGE-SCALE STRUCTURE OF UNIVERSE},
     year = 2000,
    month = feb,
   volume = 312,
    pages = {257-284},
      doi = {10.1046/j.1365-8711.2000.03071.x},
   adsurl = {http://adsabs.harvard.edu/abs/2000MNRAS.312..257H},
  adsnote = {Provided by the SAO/NASA Astrophysics Data System}
}

%Growth factor ref
@ARTICLE{1992ARA&A..30..499C,
   author = {{Carroll}, S.~M. and {Press}, W.~H. and {Turner}, E.~L.},
    title = "{The cosmological constant}",
  journal = {\araa},
 keywords = {Cosmology, Gravitational Lenses, Hubble Constant, Relativistic Theory, Computational Astrophysics, Gravitational Fields, Universe},
     year = 1992,
   volume = 30,
    pages = {499-542},
      doi = {10.1146/annurev.aa.30.090192.002435},
   adsurl = {http://adsabs.harvard.edu/abs/1992ARA%26A..30..499C},
  adsnote = {Provided by the SAO/NASA Astrophysics Data System}
}
@ARTICLE{1991MNRAS.251..128L,
   author = {{Lahav}, O. and {Lilje}, P.~B. and {Primack}, J.~R. and {Rees}, M.~J.
	},
    title = "{Dynamical effects of the cosmological constant}",
  journal = {\mnras},
 keywords = {Cosmology, Dark Matter, Dynamic Characteristics, Quasars, Space Density, Astronomical Models, Galactic Clusters, Interstellar Matter},
     year = 1991,
    month = jul,
   volume = 251,
    pages = {128-136},
      doi = {10.1093/mnras/251.1.128},
   adsurl = {http://adsabs.harvard.edu/abs/1991MNRAS.251..128L},
  adsnote = {Provided by the SAO/NASA Astrophysics Data System}
}


@ARTICLE{cosmicemu,
   author = {{Lawrence}, E. and {Heitmann}, K. and {Kwan}, J. and {Upadhye}, A. and
	{Bingham}, D. and {Habib}, S. and {Higdon}, D. and {Pope}, A. and
	{Finkel}, H. and {Frontiere}, N.},
    title = "{The Mira-Titan Universe II: Matter Power Spectrum Emulation}",
  journal = {ArXiv e-prints},
archivePrefix = "arXiv",
   eprint = {1705.03388},
 keywords = {Astrophysics - Cosmology and Nongalactic Astrophysics},
     year = 2017,
    month = may,
   adsurl = {http://adsabs.harvard.edu/abs/2017arXiv170503388L},
  adsnote = {Provided by the SAO/NASA Astrophysics Data System}
}

@ARTICLE{Sugiyama95,
   author = {{Sugiyama}, N.},
    title = "{Cosmic Background Anisotropies in Cold Dark Matter Cosmology}",
  journal = {\apjs},
   eprint = {astro-ph/9412025},
 keywords = {COSMOLOGY: COSMIC MICROWAVE BACKGROUND, COSMOLOGY: THEORY, COSMOLOGY: DARK MATTER},
     year = 1995,
    month = oct,
   volume = 100,
    pages = {281},
      doi = {10.1086/192220},
   adsurl = {http://adsabs.harvard.edu/abs/1995ApJS..100..281S},
  adsnote = {Provided by the SAO/NASA Astrophysics Data System}
}

@ARTICLE{1998ApJ...496..605E,
   author = {{Eisenstein}, D.~J. and {Hu}, W.},
    title = "{Baryonic Features in the Matter Transfer Function}",
  journal = {\apj},
   eprint = {astro-ph/9709112},
 keywords = {COSMOLOGY: THEORY, COSMOLOGY: DARK MATTER, COSMOLOGY: LARGE-SCALE STRUCTURE OF UNIVERSE, Cosmology: Theory, Cosmology: Dark Matter, Cosmology: Large-Scale Structure of Universe},
     year = 1998,
    month = mar,
   volume = 496,
    pages = {605-614},
      doi = {10.1086/305424},
   adsurl = {http://adsabs.harvard.edu/abs/1998ApJ...496..605E},
  adsnote = {Provided by the SAO/NASA Astrophysics Data System}
}

@ARTICLE{hiclass,
   author = {{Zumalacarregui}, M. and {Bellini}, E. and {Sawicki}, I. and
	{Lesgourgues}, J. and {Ferreira}, P.~G.},
    title = "{hi\_class: Horndeski in the Cosmic Linear Anisotropy Solving System}",
  journal = {ArXiv e-prints},
archivePrefix = "arXiv",
   eprint = {1605.06102},
 keywords = {Astrophysics - Cosmology and Nongalactic Astrophysics, General Relativity and Quantum Cosmology, High Energy Physics - Phenomenology, High Energy Physics - Theory},
     year = 2016,
    month = may,
   adsurl = {http://adsabs.harvard.edu/abs/2016arXiv160506102Z},
  adsnote = {Provided by the SAO/NASA Astrophysics Data System}
}

@ARTICLE{2017A&A...602A..72C,
   author = {{Campagne}, J.-E. and {Neveu}, J. and {Plaszczynski}, S.},
    title = "{Angpow: a software for the fast computation of accurate tomographic power spectra}",
  journal = {\aap},
archivePrefix = "arXiv",
   eprint = {1701.03592},
 keywords = {large-scale structure of Universe, methods: numerical},
     year = 2017,
    month = jun,
   volume = 602,
      eid = {A72},
    pages = {A72},
      doi = {10.1051/0004-6361/201730399},
   adsurl = {http://adsabs.harvard.edu/abs/2017A%26A...602A..72C},
  adsnote = {Provided by the SAO/NASA Astrophysics Data System}
}

@BOOK{2008cmb..book.....D,
   author = {{Durrer}, R.},
    title = "{The Cosmic Microwave Background}",
booktitle = {The Cosmic Microwave Background, by Ruth Durrer.~ISBN 978-0-521-84704-9 (HB).~Published by Cambridge University Press, Cambridge, UK, 2008.},
     year = 2008,
    month = aug,
publisher = {Cambridge University Press},
   adsurl = {http://adsabs.harvard.edu/abs/2008cmb..book.....D},
  adsnote = {Provided by the SAO/NASA Astrophysics Data System}
}
@ARTICLE{2009PhRvD..80h3514Y,
   author = {{Yoo}, J. and {Fitzpatrick}, A.~L. and {Zaldarriaga}, M.},
    title = "{New perspective on galaxy clustering as a cosmological probe: General relativistic effects}",
  journal = {\prd},
archivePrefix = "arXiv",
   eprint = {0907.0707},
 primaryClass = "astro-ph.CO",
 keywords = {Cosmology, Distances redshifts radial velocities, spatial distribution of galaxies, Galaxy groups clusters and superclusters, large scale structure of the Universe, Mathematical and relativistic aspects of cosmology},
     year = 2009,
    month = oct,
   volume = 80,
   number = 8,
      eid = {083514},
    pages = {083514},
      doi = {10.1103/PhysRevD.80.083514},
   adsurl = {http://adsabs.harvard.edu/abs/2009PhRvD..80h3514Y},
  adsnote = {Provided by the SAO/NASA Astrophysics Data System}
}

@ARTICLE{2010PhRvD..82h3508Y,
   author = {{Yoo}, J.},
    title = "{General relativistic description of the observed galaxy power spectrum: Do we understand what we measure?}",
  journal = {\prd},
archivePrefix = "arXiv",
   eprint = {1009.3021},
 keywords = {Cosmology, Galaxy groups clusters and superclusters, large scale structure of the Universe, Mathematical and relativistic aspects of cosmology, Distances redshifts radial velocities, spatial distribution of galaxies},
     year = 2010,
    month = oct,
   volume = 82,
   number = 8,
      eid = {083508},
    pages = {083508},
      doi = {10.1103/PhysRevD.82.083508},
   adsurl = {http://adsabs.harvard.edu/abs/2010PhRvD..82h3508Y},
  adsnote = {Provided by the SAO/NASA Astrophysics Data System}
}

@ARTICLE{2011PhRvD..84d3516C,
   author = {{Challinor}, A. and {Lewis}, A.},
    title = "{Linear power spectrum of observed source number counts}",
  journal = {\prd},
archivePrefix = "arXiv",
   eprint = {1105.5292},
 primaryClass = "astro-ph.CO",
 keywords = {Cosmology},
     year = 2011,
    month = aug,
   volume = 84,
   number = 4,
      eid = {043516},
    pages = {043516},
      doi = {10.1103/PhysRevD.84.043516},
   adsurl = {http://adsabs.harvard.edu/abs/2011PhRvD..84d3516C},
  adsnote = {Provided by the SAO/NASA Astrophysics Data System}
}


@ARTICLE{2011PhRvD..84f3505B,
   author = {{Bonvin}, C. and {Durrer}, R.},
    title = "{What galaxy surveys really measure}",
  journal = {\prd},
archivePrefix = "arXiv",
   eprint = {1105.5280},
 keywords = {Cosmology, Distances redshifts radial velocities, spatial distribution of galaxies, Galaxy groups clusters and superclusters, large scale structure of the Universe},
     year = 2011,
    month = sep,
   volume = 84,
   number = 6,
      eid = {063505},
    pages = {063505},
      doi = {10.1103/PhysRevD.84.063505},
   adsurl = {http://adsabs.harvard.edu/abs/2011PhRvD..84f3505B},
  adsnote = {Provided by the SAO/NASA Astrophysics Data System}
}



@ARTICLE{Schneider15,
   author = {{Schneider}, A. and {Teyssier}, R.},
    title = "{A new method to quantify the effects of baryons on the matter power spectrum}",
  journal = {\jcap},
archivePrefix = "arXiv",
   eprint = {1510.06034},
     year = 2015,
    month = dec,
   volume = 12,
      eid = {049},
    pages = {049},
      doi = {10.1088/1475-7516/2015/12/049},
   adsurl = {http://adsabs.harvard.edu/abs/2015JCAP...12..049S},
  adsnote = {Provided by the SAO/NASA Astrophysics Data System}
}

@ARTICLE{FASTPT,
   author = {{McEwen}, J.~E. and {Fang}, X. and {Hirata}, C.~M. and {Blazek}, J.~A.
	},
    title = "{FAST-PT: a novel algorithm to calculate convolution integrals in cosmological perturbation theory}",
  journal = {\jcap},
archivePrefix = "arXiv",
   eprint = {1603.04826},
     year = 2016,
    month = sep,
   volume = 9,
      eid = {015},
    pages = {015},
      doi = {10.1088/1475-7516/2016/09/015},
   adsurl = {http://adsabs.harvard.edu/abs/2016JCAP...09..015M},
  adsnote = {Provided by the SAO/NASA Astrophysics Data System}
}

@BOOK{PeacockBook,
   author = {{Peacock}, J.~A.},
    title = "{Cosmological Physics}",
booktitle = {Cosmological Physics, by John A.~Peacock, pp.~704.~ISBN 052141072X.~Cambridge, UK: Cambridge University Press, January 1999.},
     year = 1999,
    month = jan,
    pages = {704},
   adsurl = {http://adsabs.harvard.edu/abs/1999coph.book.....P},
  adsnote = {Provided by the SAO/NASA Astrophysics Data System}
}

@BOOK{DodelsonBook,
   author = {{Dodelson}, S.},
    title = "{Modern Cosmology}",
  journal = {Physics Today},
 keywords = {cosmology, educational aids, reviews},
     year = 2004,
    month = jul,
   volume = 57,
    pages = {60-61},
      doi = {10.1063/1.1784308},
   adsurl = {http://adsabs.harvard.edu/abs/2004PhT....57R..60D},
  adsnote = {Provided by the SAO/NASA Astrophysics Data System}
}

@ARTICLE{BBKS,
   author = {{Bardeen}, J.~M. and {Bond}, J.~R. and {Kaiser}, N. and {Szalay}, A.~S.
	},
    title = "{The statistics of peaks of Gaussian random fields}",
  journal = {\apj},
 keywords = {Cosmology, Density Distribution, Galactic Clusters, Galactic Evolution, Random Processes, Statistical Analysis, Density (Number/Volume), Mass Distribution, Mass To Light Ratios, Maxima, Missing Mass (Astrophysics), Probability Distribution Functions, Red Shift, Statistical Correlation, Velocity Distribution},
     year = 1986,
    month = may,
   volume = 304,
    pages = {15-61},
      doi = {10.1086/164143},
   adsurl = {http://adsabs.harvard.edu/abs/1986ApJ...304...15B},
  adsnote = {Provided by the SAO/NASA Astrophysics Data System}
}

@ARTICLE{WhitePaper,
   author = {{LSST Dark Energy Science Collaboration}},
    title = "{Large Synoptic Survey Telescope: Dark Energy Science Collaboration}",
  journal = {ArXiv e-prints},
archivePrefix = "arXiv",
   eprint = {1211.0310},
 primaryClass = "astro-ph.CO",
 keywords = {Astrophysics - Cosmology and Extragalactic Astrophysics, High Energy Physics - Experiment},
     year = 2012,
    month = nov,
   adsurl = {http://adsabs.harvard.edu/abs/2012arXiv1211.0310L},
  adsnote = {Provided by the SAO/NASA Astrophysics Data System},
collaboration = {LSST Dark Energy Science}
}

@ARTICLE{ScienceBook,
   author = {{LSST Science Collaboration}},
    title = "{LSST Science Book, Version 2.0}",
  journal = {ArXiv e-prints},
archivePrefix = "arXiv",
   eprint = {0912.0201},
 primaryClass = "astro-ph.IM",
 keywords = {Astrophysics - Instrumentation and Methods for Astrophysics, Astrophysics - Cosmology and Extragalactic Astrophysics, Astrophysics - Earth and Planetary Astrophysics, Astrophysics - Galaxy Astrophysics, Astrophysics - Solar and Stellar Astrophysics},
     year = 2009,
    month = dec,
   adsurl = {http://adsabs.harvard.edu/abs/2009arXiv0912.0201L},
  adsnote = {Provided by the SAO/NASA Astrophysics Data System},
collaboration = {LSST Science}
}

@ARTICLE{Overview,
   author = {{Ivezic}, Z. and {Tyson}, J.~A. and others},
    title = "{LSST: from Science Drivers to Reference Design and Anticipated Data Products}",
  journal = {ArXiv e-prints},
archivePrefix = "arXiv",
   eprint = {0805.2366},
 keywords = {Astrophysics},
     year = 2008,
    month = may,
   adsurl = {http://adsabs.harvard.edu/abs/2008arXiv0805.2366I},
  adsnote = {Provided by the SAO/NASA Astrophysics Data System},
collaboration = {LSST}
}
%

@MISC{class,
   author = {{Blas}, D. and {Lesgourgues}, J. and {Tram}, T.},
    title = "{CLASS: Cosmic Linear Anisotropy Solving System}",
 keywords = {Software},
howpublished = {Astrophysics Source Code Library},
     year = 2011,
    month = jun,
archivePrefix = "ascl",
   eprint = {1106.020},
   adsurl = {http://adsabs.harvard.edu/abs/2011ascl.soft06020B},
  adsnote = {Provided by the SAO/NASA Astrophysics Data System}
}


@ARTICLE{Chang2013,
   author = {{Chang}, C. and {Jarvis}, M. and {Jain}, B. and {Kahn}, S.~M. and
	{Kirkby}, D. and {Connolly}, A. and {Krughoff}, S. and {Peng}, E.-H. and
	{Peterson}, J.~R.},
    title = "{The effective number density of galaxies for weak lensing measurements in the LSST project}",
  journal = {Monthly Notices of the Royal Astronomical Society},
archivePrefix = "arXiv",
   eprint = {1305.0793},
 keywords = {methods: data analysis, cosmology: observations},
     year = 2013,
    month = sep,
   volume = 434,
    pages = {2121-2135},
      doi = {10.1093/mnras/stt1156},
   adsurl = {http://adsabs.harvard.edu/abs/2013MNRAS.434.2121C},
  adsnote = {Provided by the SAO/NASA Astrophysics Data System}
}

@ARTICLE{Tinker2008,
   author = {{Tinker}, J. and {Kravtsov}, A.~V. and {Klypin}, A. and {Abazajian}, K. and
	{Warren}, M. and {Yepes}, G. and {Gottl{\"o}ber}, S. and {Holz}, D.~E.
	},
    title = "{Toward a Halo Mass Function for Precision Cosmology: The Limits of Universality}",
  journal = {\apj},
archivePrefix = "arXiv",
   eprint = {0803.2706},
 keywords = {cosmology: theory, large-scale structure of universe, methods: numerical},
     year = 2008,
    month = dec,
   volume = 688,
      eid = {709-728},
    pages = {709-728},
      doi = {10.1086/591439},
   adsurl = {http://adsabs.harvard.edu/abs/2008ApJ...688..709T},
  adsnote = {Provided by the SAO/NASA Astrophysics Data System}
}

@ARTICLE{Angulo2012,
   author = {{Angulo}, R.~E. and {Springel}, V. and {White}, S.~D.~M. and
	{Jenkins}, A. and {Baugh}, C.~M. and {Frenk}, C.~S.},
    title = "{Scaling relations for galaxy clusters in the Millennium-XXL simulation}",
  journal = {\mnras},
archivePrefix = "arXiv",
   eprint = {1203.3216},
 keywords = {cosmology: theory, large-scale structure of Universe},
     year = 2012,
    month = nov,
   volume = 426,
    pages = {2046-2062},
      doi = {10.1111/j.1365-2966.2012.21830.x},
   adsurl = {http://adsabs.harvard.edu/abs/2012MNRAS.426.2046A},
  adsnote = {Provided by the SAO/NASA Astrophysics Data System}
}

@ARTICLE{Watson2013,
   author = {{Watson}, W.~A. and {Iliev}, I.~T. and {D'Aloisio}, A. and {Knebe}, A. and
	{Shapiro}, P.~R. and {Yepes}, G.},
    title = "{The halo mass function through the cosmic ages}",
  journal = {\mnras},
archivePrefix = "arXiv",
   eprint = {1212.0095},
 keywords = {methods: numerical, galaxies: haloes, galaxies: high-redshift, cosmology: theory, dark matter, large-scale structure of Universe},
     year = 2013,
    month = aug,
   volume = 433,
    pages = {1230-1245},
      doi = {10.1093/mnras/stt791},
   adsurl = {http://adsabs.harvard.edu/abs/2013MNRAS.433.1230W},
  adsnote = {Provided by the SAO/NASA Astrophysics Data System}
}

@ARTICLE{CLASS_halofit,
	author = {{Takahashi}, R. and {Sato}, M. and {Nishimichi}, T. and {Taruya}, A. and
	{Oguri}, M.},
	title = "{Revising the Halofit Model for the Nonlinear Matter Power Spectrum}",
	journal = {\apj},
	archivePrefix = "arXiv",
	eprint = {1208.2701},
	keywords = {cosmology: theory, large-scale structure of universe, methods: numerical},
	year = 2012,
	month = dec,
	volume = 761,
	eid = {152},
	pages = {152},
	doi = {10.1088/0004-637X/761/2/152},
	adsurl = {http://adsabs.harvard.edu/abs/2012ApJ...761..152T},
	adsnote = {Provided by the SAO/NASA Astrophysics Data System}
}

@ARTICLE{2015ApJ...814..145A,
   author = {{Alonso}, D. and {Bull}, P. and {Ferreira}, P.~G. and {Maartens}, R. and
	{Santos}, M.~G.},
    title = "{Ultra-large-scale Cosmology in Next-generation Experiments with Single Tracers}",
  journal = {\apj},
archivePrefix = "arXiv",
   eprint = {1505.07596},
 keywords = {large-scale structure of universe},
     year = 2015,
    month = dec,
   volume = 814,
      eid = {145},
    pages = {145},
      doi = {10.1088/0004-637X/814/2/145},
   adsurl = {http://adsabs.harvard.edu/abs/2015ApJ...814..145A},
  adsnote = {Provided by the SAO/NASA Astrophysics Data System}
}

@ARTICLE{1994ApJ...432....7K,
   author = {{Kamionkowski}, M. and {Spergel}, D.~N.},
    title = "{Large-angle cosmic microwave background anisotropies in an open universe}",
  journal = {\apj},
   eprint = {astro-ph/9312017},
 keywords = {Anisotropy, Astronomical Models, Background Radiation, Big Bang Cosmology, Mathematical Models, Microwaves, Relic Radiation, Universe, Adiabatic Conditions, Correlation, Cosmic Background Explorer Satellite, Multipoles, Power Spectra},
     year = 1994,
    month = sep,
   volume = 432,
    pages = {7-16},
      doi = {10.1086/174543},
   adsurl = {http://adsabs.harvard.edu/abs/1994ApJ...432....7K},
  adsnote = {Provided by the SAO/NASA Astrophysics Data System}
}

@ARTICLE{2007MNRAS.381.1197H,
   author = {{Hirata}, C.~M. and {Mandelbaum}, R. and {Ishak}, M. and {Seljak}, U. and
	{Nichol}, R. and {Pimbblet}, K.~A. and {Ross}, N.~P. and {Wake}, D.
	},
    title = "{Intrinsic galaxy alignments from the 2SLAQ and SDSS surveys: luminosity and redshift scalings and implications for weak lensing surveys}",
  journal = {\mnras},
   eprint = {astro-ph/0701671},
 keywords = {gravitational lensing, cosmology: observations, large-scale structure of Universe},
     year = 2007,
    month = nov,
   volume = 381,
    pages = {1197-1218},
      doi = {10.1111/j.1365-2966.2007.12312.x},
   adsurl = {http://adsabs.harvard.edu/abs/2007MNRAS.381.1197H},
  adsnote = {Provided by the SAO/NASA Astrophysics Data System}
}


@ARTICLE{2004PhRvD..70f3526H,
   author = {{Hirata}, C.~M. and {Seljak}, U.},
    title = "{Intrinsic alignment-lensing interference as a contaminant of cosmic shear}",
  journal = {\prd},
   eprint = {astro-ph/0406275},
 keywords = {Observational cosmology, Galactic halos, Gravitational lenses and luminous arcs},
     year = 2004,
    month = sep,
   volume = 70,
   number = 6,
      eid = {063526},
    pages = {063526},
      doi = {10.1103/PhysRevD.70.063526},
   adsurl = {http://adsabs.harvard.edu/abs/2004PhRvD..70f3526H},
  adsnote = {Provided by the SAO/NASA Astrophysics Data System}
}
@ARTICLE{Tinker2010,
   author = {{Tinker}, J.~L. and {Robertson}, B.~E. and {Kravtsov}, A.~V. and
	{Klypin}, A. and {Warren}, M.~S. and {Yepes}, G. and {Gottl{\"o}ber}, S.
	},
    title = "{The Large-scale Bias of Dark Matter Halos: Numerical Calibration and Model Tests}",
  journal = {\apj},
archivePrefix = "arXiv",
   eprint = {1001.3162},
 keywords = {cosmology: theory, large-scale structure of universe, methods: numerical},
     year = 2010,
    month = dec,
   volume = 724,
    pages = {878-886},
      doi = {10.1088/0004-637X/724/2/878},
   adsurl = {http://adsabs.harvard.edu/abs/2010ApJ...724..878T},
  adsnote = {Provided by the SAO/NASA Astrophysics Data System}
}

@ARTICLE{Ng1999,
   author = {{Ng}, K.-W. and {Liu}, G.-C.},
    title = "{Correlation Functions of CMB Anisotropy and Polarization}",
  journal = {International Journal of Modern Physics D},
   eprint = {astro-ph/9710012},
     year = 1999,
   volume = 8,
    pages = {61-83},
      doi = {10.1142/S0218271899000079},
   adsurl = {http://adsabs.harvard.edu/abs/1999IJMPD...8...61N},
  adsnote = {Provided by the SAO/NASA Astrophysics Data System}
}

@ARTICLE{Duffy2008,
   author = {{Duffy}, A.~R. and {Schaye}, J. and {Kay}, S.~T. and {Dalla Vecchia}, C.
	},
    title = "{Dark matter halo concentrations in the Wilkinson Microwave Anisotropy Probe year 5 cosmology}",
  journal = {\mnras},
archivePrefix = "arXiv",
   eprint = {0804.2486},
 keywords = {methods: N-body simulations, galaxies: clusters: general, galaxies: haloes, cosmological parameters, cosmology: theory, dark matter},
     year = 2008,
    month = oct,
   volume = 390,
    pages = {L64-L68},
      doi = {10.1111/j.1745-3933.2008.00537.x},
   adsurl = {http://adsabs.harvard.edu/abs/2008MNRAS.390L..64D},
  adsnote = {Provided by the SAO/NASA Astrophysics Data System}
}

@ARTICLE{Nakamura1997,
   author = {{Nakamura}, T.~T. and {Suto}, Y.},
    title = "{Strong Gravitational Lensing and Velocity Function as Tools to Probe Cosmological Parameters --- Current Constraints and Future Predictions ---}",
  journal = {Progress of Theoretical Physics},
   eprint = {astro-ph/9612074},
     year = 1997,
    month = jan,
   volume = 97,
    pages = {49},
      doi = {10.1143/PTP.97.49},
   adsurl = {http://adsabs.harvard.edu/abs/1997PThPh..97...49N},
  adsnote = {Provided by the SAO/NASA Astrophysics Data System}
}

@article{Bryan1998,
author = {Bryan, Greg L. and Norman, Michael L.},
doi = {10.1086/305262},
issn = {0004-637X},
journal = {\apj},
keywords = {GALAXIES: CLUSTERS: GENERAL,METHODS: NUMERICAL,X-RAYS: GALAXIES},
month = mar,
number = {1},
pages = {80--99},
title = {{Statistical Properties of X-ray Clusters: Analytic and Numerical Comparisons}},
url = {http://adsabs.harvard.edu/abs/1998ApJ...495...80B},
volume = {495},
year = {1998}
}

@article{Sheth1999,
author = {Sheth, Ravi K. and Tormen, Giuseppe},
doi = {10.1046/j.1365-8711.1999.02692.x},
issn = {0035-8711},
journal = {\mnras},
month = sep,
number = {1},
pages = {119--126},
title = {{Large-scale bias and the peak background split}},
url = {http://adsabs.harvard.edu/abs/1999MNRAS.308..119S},
volume = {308},
year = {1999}
}



@article{Cooray2002,
author = {Cooray, A. and Sheth, R.},
doi = {10.1016/S0370-1573(02)00276-4},
issn = {03701573},
journal = {Physics Reports},
month = dec,
number = {1},
pages = {1--129},
title = {{Halo models of large scale structure}},
url = {http://adsabs.harvard.edu/abs/2002PhR...372....1C},
volume = {372},
year = {2002}
}

@ARTICLE{1997PhRvD..55.1830Z,
author = {{Zaldarriaga}, M. and {Seljak}, U.},
title = "{All-sky analysis of polarization in the microwave background}",
journal = {\prd},
eprint = {astro-ph/9609170},
keywords = {Background radiations, Particle-theory and field-theory models of the early Universe},
year = 1997,
month = feb,
volume = 55,
pages = {1830-1840},
doi = {10.1103/PhysRevD.55.1830},
adsurl = {http://adsabs.harvard.edu/abs/1997PhRvD..55.1830Z},
adsnote = {Provided by the SAO/NASA Astrophysics Data System}
}

@ARTICLE{Seljak2000,
   author = {{Seljak}, U.},
    title = "{Analytic model for galaxy and dark matter clustering}",
  journal = {\mnras},
   eprint = {arXiv:astro-ph/0001493},
 keywords = {GALAXIES: CLUSTERS: GENERAL, COSMOLOGY: THEORY, DARK MATTER},
     year = 2000,
    month = oct,
   volume = 318,
    pages = {203-213},
      doi = {10.1046/j.1365-8711.2000.03715.x},
   adsurl = {http://adsabs.harvard.edu/abs/2000MNRAS.318..203S},
  adsnote = {Provided by the SAO/NASA Astrophysics Data System}
}

@ARTICLE{Mead2015,
   author = {{Mead}, A.~J. and {Peacock}, J.~A. and {Heymans}, C. and {Joudaki}, S. and 
	{Heavens}, A.~F.},
    title = "{An accurate halo model for fitting non-linear cosmological power spectra and baryonic feedback models}",
  journal = {\mnras},
archivePrefix = "arXiv",
   eprint = {1505.07833},
 keywords = {gravitational lensing: weak, cosmology: theory, dark energy, large-scale structure of Universe},
     year = 2015,
    month = dec,
   volume = 454,
    pages = {1958-1975},
      doi = {10.1093/mnras/stv2036},
   adsurl = {http://adsabs.harvard.edu/abs/2015MNRAS.454.1958M},
  adsnote = {Provided by the SAO/NASA Astrophysics Data System}
}

@ARTICLE{Smith2003,
   author = {{Smith}, R.~E. and {Peacock}, J.~A. and {Jenkins}, A. and {White}, S.~D.~M. and 
	{Frenk}, C.~S. and {Pearce}, F.~R. and {Thomas}, P.~A. and {Efstathiou}, G. and 
	{Couchman}, H.~M.~P.},
    title = "{Stable clustering, the halo model and non-linear cosmological power spectra}",
  journal = {\mnras},
   eprint = {astro-ph/0207664},
 keywords = {methods: N-body simulations, cosmology: theory, large-scale structure of Universe},
     year = 2003,
    month = jun,
   volume = 341,
    pages = {1311-1332},
      doi = {10.1046/j.1365-8711.2003.06503.x},
   adsurl = {http://adsabs.harvard.edu/abs/2003MNRAS.341.1311S},
  adsnote = {Provided by the SAO/NASA Astrophysics Data System}
}

@ARTICLE{Smith2007,
   author = {{Smith}, R.~E. and {Scoccimarro}, R. and {Sheth}, R.~K.},
    title = "{Scale dependence of halo and galaxy bias: Effects in real space}",
  journal = {\prd},
   eprint = {astro-ph/0609547},
 keywords = {Cosmology},
     year = 2007,
    month = mar,
   volume = 75,
   number = 6,
      eid = {063512},
    pages = {063512},
      doi = {10.1103/PhysRevD.75.063512},
   adsurl = {http://adsabs.harvard.edu/abs/2007PhRvD..75f3512S},
  adsnote = {Provided by the SAO/NASA Astrophysics Data System}
}

@ARTICLE{Giocoli2010,
   author = {{Giocoli}, C. and {Bartelmann}, M. and {Sheth}, R.~K. and {Cacciato}, M.
	},
    title = "{Halo model description of the non-linear dark matter power spectrum at k {\gt}{\gt} 1Mpc$^{-1}$}",
  journal = {\mnras},
archivePrefix = "arXiv",
   eprint = {1003.4740},
 keywords = {gravitational lensing: weak, methods: analytical, galaxies: haloes, cosmology: theory, dark matter},
     year = 2010,
    month = oct,
   volume = 408,
    pages = {300-313},
      doi = {10.1111/j.1365-2966.2010.17108.x},
   adsurl = {http://adsabs.harvard.edu/abs/2010MNRAS.408..300G},
  adsnote = {Provided by the SAO/NASA Astrophysics Data System}
}

@ARTICLE{Smith2011,
   author = {{Smith}, R.~E. and {Markovic}, K.},
    title = "{Testing the warm dark matter paradigm with large-scale structures}",
  journal = {\prd},
archivePrefix = "arXiv",
   eprint = {1103.2134},
 primaryClass = "astro-ph.CO",
 keywords = {Cosmology},
     year = 2011,
    month = sep,
   volume = 84,
   number = 6,
      eid = {063507},
    pages = {063507},
      doi = {10.1103/PhysRevD.84.063507},
   adsurl = {http://adsabs.harvard.edu/abs/2011PhRvD..84f3507S},
  adsnote = {Provided by the SAO/NASA Astrophysics Data System}
}

@article{Navarro1997,
author = {Navarro, Julio F. and Frenk, Carlos S. and White, Simon D. M.},
doi = {10.1086/304888},
issn = {0004-637X},
journal = {\apj},
keywords = {COSMOLOGY: DARK MATTER,COSMOLOGY: THEORY,GALAXIES: HALOS,METHODS: NUMERICAL},
month = dec,
number = {2},
pages = {493--508},
title = {{A Universal Density Profile from Hierarchical Clustering}},
url = {http://adsabs.harvard.edu/abs/1997ApJ...490..493N},
volume = {490},
year = {1997}
}

@ARTICLE{Mo1996,
   author = {{Mo}, H.~J. and {White}, S.~D.~M.},
    title = "{An analytic model for the spatial clustering of dark matter haloes}",
  journal = {\mnras},
   eprint = {astro-ph/9512127},
 keywords = {METHODS: ANALYTICAL, GALAXIES: CLUSTERS: GENERAL, GALAXIES: FORMATION, COSMOLOGY: THEORY, DARK MATTER},
     year = 1996,
    month = sep,
   volume = 282,
    pages = {347-361},
   adsurl = {http://adsabs.harvard.edu/abs/1996MNRAS.282..347M},
  adsnote = {Provided by the SAO/NASA Astrophysics Data System}
}

@article{Sheth2001,
author = {Sheth, Ravi K. and Mo, H. J. and Tormen, Giuseppe},
doi = {10.1046/j.1365-8711.2001.04006.x},
issn = {0035-8711},
journal = {\mnras},
keywords = {COSMOLOGY: THEORY,DARK MATTER,GALAXIES: CLUSTERS: GENERAL},
month = may,
number = {1},
pages = {1--12},
title = {{Ellipsoidal collapse and an improved model for the number and spatial distribution of dark matter haloes}},
url = {http://adsabs.harvard.edu/abs/2001MNRAS.323....1S},
volume = {323},
year = {2001}
}

@article{Bullock2001,
author = {Bullock, J. S. and Kolatt, T. S. and Sigad, Y. and Somerville, R. S. and Kravtsov, A. V. and Klypin, A. A. and Primack, J. R. and Dekel, A.},
doi = {10.1046/j.1365-8711.2001.04068.x},
issn = {0035-8711},
journal = {\mnras},
keywords = {cosmology: theory,dark matter,galaxies: formation,galaxies: structure},
month = mar,
number = {3},
pages = {559--575},
title = {{Profiles of dark haloes: evolution, scatter and environment}},
url = {http://adsabs.harvard.edu/abs/2001MNRAS.321..559B},
volume = {321},
year = {2001}
}

@ARTICLE{Gerbino2017,
   author = {{Lattanzi}, M. and {Gerbino}, M.},
    title = "{Status of neutrino properties and future prospects - Cosmological and astrophysical constraints}",
  journal = {ArXiv e-prints},
archivePrefix = "arXiv",
   eprint = {1712.07109},
 keywords = {Astrophysics - Cosmology and Nongalactic Astrophysics, High Energy Physics - Phenomenology},
     year = 2017,
    month = dec,
   adsurl = {http://adsabs.harvard.edu/abs/2017arXiv171207109L},
  adsnote = {Provided by the SAO/NASA Astrophysics Data System}
}


@ARTICLE{astropy,
   author = {{Astropy Collaboration} and {Robitaille}, T.~P. and {Tollerud}, E.~J. and 
	{Greenfield}, P. and {Droettboom}, M. and {Bray}, E. and {Aldcroft}, T. and 
	{Davis}, M. and {Ginsburg}, A. and {Price-Whelan}, A.~M. and 
	{Kerzendorf}, W.~E. and {Conley}, A. and {Crighton}, N. and 
	{Barbary}, K. and {Muna}, D. and {Ferguson}, H. and {Grollier}, F. and 
	{Parikh}, M.~M. and {Nair}, P.~H. and {Unther}, H.~M. and {Deil}, C. and 
	{Woillez}, J. and {Conseil}, S. and {Kramer}, R. and {Turner}, J.~E.~H. and 
	{Singer}, L. and {Fox}, R. and {Weaver}, B.~A. and {Zabalza}, V. and 
	{Edwards}, Z.~I. and {Azalee Bostroem}, K. and {Burke}, D.~J. and 
	{Casey}, A.~R. and {Crawford}, S.~M. and {Dencheva}, N. and 
	{Ely}, J. and {Jenness}, T. and {Labrie}, K. and {Lim}, P.~L. and 
	{Pierfederici}, F. and {Pontzen}, A. and {Ptak}, A. and {Refsdal}, B. and 
	{Servillat}, M. and {Streicher}, O.},
    title = "{Astropy: A community Python package for astronomy}",
  journal = {\aap},
archivePrefix = "arXiv",
   eprint = {1307.6212},
 primaryClass = "astro-ph.IM",
 keywords = {methods: data analysis, methods: miscellaneous, virtual observatory tools},
     year = 2013,
    month = oct,
   volume = 558,
      eid = {A33},
    pages = {A33},
      doi = {10.1051/0004-6361/201322068},
   adsurl = {http://adsabs.harvard.edu/abs/2013A%26A...558A..33A},
  adsnote = {Provided by the SAO/NASA Astrophysics Data System}
}


@MISC{Zuntz14,
   author = {{Zuntz}, J. and {Paterno}, M. and {Jennings}, E. and {Rudd}, D. and 
	{Manzotti}, A. and {Dodelson}, S. and {Bridle}, S. and {Sehrish}, S. and 
	{Kowalkowski}, J.},
    title = "{CosmoSIS: Cosmological parameter estimation}",
 keywords = {Software },
howpublished = {Astrophysics Source Code Library},
     year = 2014,
    month = sep,
archivePrefix = "ascl",
   eprint = {1409.012},
   adsurl = {http://adsabs.harvard.edu/abs/2014ascl.soft09012Z},
  adsnote = {Provided by the SAO/NASA Astrophysics Data System}
}

@ARTICLE{Lewis02,
   author = {{Lewis}, A. and {Bridle}, S.},
    title = "{Cosmological parameters from CMB and other data: A Monte Carlo approach}",
  journal = {\prd},
   eprint = {astro-ph/0205436},
 keywords = {Observational cosmology, Applications of Monte Carlo methods, Neutrino mass and mixing},
     year = 2002,
    month = nov,
   volume = 66,
   number = 10,
      eid = {103511},
    pages = {103511},
      doi = {10.1103/PhysRevD.66.103511},
   adsurl = {http://adsabs.harvard.edu/abs/2002PhRvD..66j3511L},
  adsnote = {Provided by the SAO/NASA Astrophysics Data System}
}

@ARTICLE{Challinor2005,
   author = {{Challinor}, A. and {Lewis}, A.},
    title = "{Lensed CMB power spectra from all-sky correlation functions}",
  journal = {\prd},
   eprint = {astro-ph/0502425},
 keywords = {Background radiations, Cosmology},
     year = 2005,
    month = may,
   volume = 71,
   number = 10,
      eid = {103010},
    pages = {103010},
      doi = {10.1103/PhysRevD.71.103010},
   adsurl = {http://adsabs.harvard.edu/abs/2005PhRvD..71j3010C},
  adsnote = {Provided by the SAO/NASA Astrophysics Data System}
}

@ARTICLE{Lesgourgues2012,
   author = {{Lesgourgues}, J. and {Pastor}, S.},
    title = "{Neutrino mass from Cosmology}",
  journal = {ArXiv e-prints},
archivePrefix = "arXiv",
   eprint = {1212.6154},
 primaryClass = "hep-ph",
 keywords = {High Energy Physics - Phenomenology, Astrophysics - Cosmology and Extragalactic Astrophysics},
     year = 2012,
    month = dec,
   adsurl = {http://adsabs.harvard.edu/abs/2012arXiv1212.6154L},
  adsnote = {Provided by the SAO/NASA Astrophysics Data System}
}


@ARTICLE{Bellini2014,
   author = {{Bellini}, E. and {Sawicki}, I.},
    title = "{Maximal freedom at minimum cost: linear large-scale structure in general modifications of gravity}",
  journal = {\jcap},
archivePrefix = "arXiv",
   eprint = {1404.3713},
     year = 2014,
    month = jul,
   volume = 7,
      eid = {050},
    pages = {050},
      doi = {10.1088/1475-7516/2014/07/050},
   adsurl = {http://adsabs.harvard.edu/abs/2014JCAP...07..050B},
  adsnote = {Provided by the SAO/NASA Astrophysics Data System}
}

@ARTICLE{Audren12,
   author = {{Audren}, B. and {Lesgourgues}, J. and {Benabed}, K. and {Prunet}, S.
	},
    title = "{Conservative constraints on early cosmology with MONTE PYTHON}",
  journal = {\jcap},
archivePrefix = "arXiv",
   eprint = {1210.7183},
     year = 2013,
    month = feb,
   volume = 2,
      eid = {001},
    pages = {001},
      doi = {10.1088/1475-7516/2013/02/001},
   adsurl = {http://adsabs.harvard.edu/abs/2013JCAP...02..001A},
  adsnote = {Provided by the SAO/NASA Astrophysics Data System}
}


@ARTICLE{Silvestri2013,
   author = {{Silvestri}, A. and {Pogosian}, L. and {Buniy}, R.~V.},
    title = "{Practical approach to cosmological perturbations in modified gravity}",
  journal = {\prd},
archivePrefix = "arXiv",
   eprint = {1302.1193},
 keywords = {Post-Newtonian approximation, perturbation theory, related approximations, Higher-dimensional gravity and other theories of gravity, Cosmology},
     year = 2013,
    month = may,
   volume = 87,
   number = 10,
      eid = {104015},
    pages = {104015},
      doi = {10.1103/PhysRevD.87.104015},
   adsurl = {http://adsabs.harvard.edu/abs/2013PhRvD..87j4015S},
  adsnote = {Provided by the SAO/NASA Astrophysics Data System}
}




